3125 4900
1387 394 1469 406 -
1552 361 1636 423 32
1723 395 1805 408 -

451 538 565 591 sat.
608 530 662 607 Ι,
709 529 770 607 9,
816 530 899 592 69

1681 617 1806 680 vin'
1848 626 1916 680 tu

535 722 736 785 Curtis
781 723 1037 787 Judaeis
1084 724 1422 804 oppedere?
1472 724 1707 801 „Nulla
1750 726 1918 803 mihi,
1963 727 2233 808 inquam,

538 830 772 911 Religio
815 831 966 893 est.“
1057 831 1149 893 At
1191 831 1302 893 mi:
1349 852 1482 893 sum
1524 832 1711 913 paulo
1754 833 2058 897 infirmior.

660 958 918 1021 Bentleii
994 958 1170 1022 lectio
1223 960 1745 1023 commemoranda
1796 971 1889 1024 est
1902 1008 1919 1039 ,
1969 963 2074 1044 qui
2128 963 2606 1026 adhortationem
2660 964 2755 1025 his

453 1067 653 1130 verbis
697 1068 894 1129 inesse
937 1068 1279 1149 suspicatus
1321 1069 1400 1130 ob
1449 1090 1585 1130 eam
1630 1089 1755 1131 rem
1813 1091 1923 1150 pro
1968 1071 2113 1148 „vin
2157 1072 2288 1148 tu“,
2335 1092 2519 1151 quam
2574 1072 2758 1153 scrip-

451 1182 650 1237 turam
694 1175 906 1255 optimi
957 1176 1189 1238 codices
1235 1175 1527 1239 exhibent
1588 1174 1691 1257 (cf.
1737 1177 2074 1256 Kellerum,
2131 1178 2268 1259 epil.
2322 1178 2391 1239 II
2405 1223 2421 1255 ,
2474 1199 2534 1259 p.
2589 1177 2756 1255 503),

461 1284 608 1364 legit
668 1284 801 1360 „vis
845 1283 975 1345 tu“.
1062 1284 1238 1346 Cum.
1291 1293 1489 1346 autem
1538 1306 1577 1347 a
1616 1287 2023 1365 grammaticis
2077 1286 2176 1365 (cf.
2216 1287 2610 1348 Kuehnerum
2669 1287 2756 1362 ΙΙ,

453 1411 514 1469 p.
585 1387 774 1466 1003)
834 1398 895 1452 et
954 1412 993 1452 a
1051 1391 1325 1453 Bentleio
1379 1393 1509 1473 ipso
1578 1393 1972 1456 constitutum
2040 1394 2137 1470 sit,
2183 1394 2382 1457 verbis
2446 1394 2580 1471 „vis
2647 1394 2756 1456 tu“

452 1499 756 1560 notionem
802 1499 1089 1575 „iubendi
1126 1500 1226 1563 vel
1274 1500 1677 1563 adhortandi“
1740 1522 2088 1581 expressam
2132 1522 2261 1563 esse
2277 1548 2293 1579 ‚
2351 1502 2523 1563 illum
2562 1502 2755 1564 virum

453 1608 567 1669 hoc
613 1607 746 1669 loco
790 1607 1083 1669 erravisse
1132 1607 1196 1667 in
1255 1616 1478 1689 proptu
1535 1617 1644 1671 est.
1731 1609 1895 1670 Nam
1953 1629 2075 1672 non
2130 1610 2605 1672 adhortationem
2654 1610 2756 1673 sed

453 1736 659 1779 veram
715 1715 1240 1796 interrogationem
1300 1716 1524 1778 ironice
1572 1716 1873 1796 prolatam
1930 1717 2026 1778 his
2076 1718 2277 1780 verbis
2331 1718 2554 1795 inesse,
2597 1726 2657 1780 et
2701 1740 2758 1782 v.

456 1821 538 1885 65
595 1822 796 1901 „male
857 1822 1055 1885 salsus
1121 1822 1321 1885 ridens
1382 1824 1807 1887 dissimulare“
1865 1833 1926 1888 et
1995 1826 2198 1888 verbis
2255 1826 2758 1907 subsequentibus

457 1941 564 2009 „at
607 1931 731 1992 mi“
775 1931 1180 1994 confirmatur.
1267 1932 1484 2014 Itaque
1525 1933 1630 1995 hic
1673 1933 1841 1995 locus
1893 1953 2030 1995 cum
2073 1932 2216 2011 illo,
2281 1933 2347 1994 in
2389 1955 2509 2015 quo
2548 1934 2761 1996 nititur

457 2038 772 2102 Bentleius
817 2048 930 2101 sat.
974 2040 1063 2117 11,
1113 2038 1173 2116 6,
1215 2037 1297 2100 92

409 2248 420 2264 ⁹
541 2169 657 2233 Vis
703 2179 771 2232 tu
810 2168 1084 2231 homines
1125 2170 1451 2251 urbemque
1498 2169 1645 2232 feris
1687 2189 2055 2250 praeponere
2100 2168 2309 2232 silvis?

456 2276 715 2340 conferri
771 2298 892 2338 non
935 2285 1134 2358 potest
1153 2322 1170 2355 ‚
1237 2299 1374 2339 cum
1431 2299 1465 2339 e
1520 2276 1956 2339 sententiarum
2008 2296 2170 2337 nexu
2209 2275 2505 2337 efficiatur
2520 2320 2537 2351 ,
2582 2295 2762 2337 sensu

461 2385 600 2447 illos
645 2385 808 2447 locos
844 2383 1001 2447 inter
1045 2406 1108 2446 se
1152 2384 1390 2449 differre
1427 2384 1528 2465 (cf.
1575 2384 2020 2462 Heindorfium‚
2057 2383 2161 2445 des
2185 2384 2263 2462 Q.
2303 2384 2459 2445 Hor.
2500 2382 2763 2444 Flaccus

465 2495 709 2572 satiren‚
756 2495 878 2556 ΠΙ.
918 2493 1056 2556 aufl.
1105 2492 1290 2570 1859,
1336 2516 1389 2557 a.
1432 2495 1492 2557 h.
1533 2492 1619 2574 1.).
1704 2493 1749 2557 J
1753 2514 1851 2554 am
1899 2513 2039 2556 vero
2085 2491 2425 2554 addendum
2480 2491 2628 2552 mihi
2672 2500 2768 2553 est

457 2604 521 2665 in
566 2603 749 2667 verbo
803 2601 992 2679 „vin“
1053 2602 1290 2664 literam
1337 2603 1449 2680 ,‚s“
1509 2602 1759 2664 elisione
1810 2601 2159 2678 evanuisse,
2217 2621 2343 2682 qua
2397 2600 2471 2661 de
2525 2620 2590 2661 re
2646 2599 2766 2661 dis-

457 2719 679 2793 putant
722 2710 1050 2787 Handius‚
1108 2710 1149 2772 l.
1210 2732 1260 2774 c.
1314 2711 1438 2788 IV,
1499 2710 1579 2773 91
1643 2717 1705 2771 et
1744 2709 2087 2789 Draegerus
2109 2754 2124 2786 ‚
2186 2708 2228 2770 1.
2289 2729 2339 2770 c.
2398 2709 2448 2770 I.
2498 2729 2558 2788 p.
2619 2706 2766 2769 312.

460 2819 762 2900 Exempla
807 2819 982 2880 affert
1018 2839 1053 2879 e
1095 2818 1336 2881 comicis
1391 2819 1804 2880 Romanorum
1854 2817 2047 2897 poetis
2091 2816 2412 2897 desumpta
2454 2814 2765 2892 Holtzius‚

461 2937 618 3011 synt.
662 2928 909 3010 priscor.
959 2926 1158 3009 script.
1204 2937 1314 2992 etc.
1366 2926 1552 3005 1862,
1598 2927 1686 3004 ΙΙ,
1737 2946 1796 3006 p.
1842 2923 1989 3003 265,
2026 2924 2069 2987 i.

464 3067 578 3123 sat.
625 3059 713 3137 11,
758 3056 820 3136 3,
871 3054 995 3118 128

1690 3141 1918 3219 Quare,

549 3252 614 3315 Si
661 3250 901 3333 quidvis
942 3249 1094 3312 satis
1137 3257 1248 3327 est,
1283 3248 1577 3330 periuras,
1625 3248 1895 3330 surripis,
1943 3246 2146 3309 aufers

549 3360 874 3441 Undique?
916 3359 1054 3421 Tun
1100 3360 1331 3420 sanus?
1354 3356 1400 3436 1)

402 3553 409 3561 .
470 3499 578 3555 sat.
624 3491 710 3568 Π,
756 3489 817 3568 3,
863 3487 985 3550 152

552 3600 636 3662 Ni
679 3608 788 3660 tua
823 3596 1108 3673 custodis,
1157 3594 1371 3658 avidus
1408 3596 1539 3676 jam
1584 3595 1735 3655 haec
1776 3593 2005 3654 auferet
2045 3591 2233 3651 heres.

560 3708 747 3786 „Men
792 3707 934 3771 vivo
952 3705 1019 3767 ?“
1064 3705 1156 3768 Ut
1199 3703 1372 3766 vivas
1417 3702 1620 3784 igitur,
1659 3700 1866 3782 vigila.

469 3845 581 3900 sat.
630 3837 718 3915 H,
764 3835 824 3912 5,
870 3834 911 3895 4

1716 3937 1928 3998 Iamne
1969 3932 2177 3995 doloso

552 4054 695 4115 Non
741 4050 889 4112 satis
933 4058 1025 4113 est
1065 4049 1343 4112 Ithacam
1387 4045 1591 4109 revehi
1633 4045 1981 4126 patriosque
2032 4047 2279 4122 penates

557 4159 931 4241 Adspicere?

476 4283 553 4291 -υ

678 4348 723 4418 ²)
772 4348 954 4402 Litora
1008 4348 1104 4412 „e“
1145 4343 1231 4398 hic
1275 4345 1332 4397 et
1373 4343 1475 4397 sat.
1539 4340 1624 4407 11,
1674 4340 1734 4407 3,
1795 4336 1893 4394 152
1941 4334 2138 4392 omissa
2181 4333 2278 4390 est.
2371 4330 2485 4395 Qua
2522 4328 2587 4383 de
2615 4345 2671 4383 re
2711 4328 2767 4383 cf

483 4441 824 4510 Draegerum‚
859 4437 894 4491 l.
931 4453 974 4496 c.
1008 4436 1052 4501 Ι,
1091 4451 1141 4505 p.
1179 4433 1296 4490 312.
