3125 4900
1275 407 1696 470 -39-

354 573 572 654 Atque
615 574 797 635 etiam
838 575 953 636 hoc
990 574 1123 638 loco
1150 578 1451 657 particula
1483 580 1634 655 ‚,ne“
1677 579 1963 659 adjuncta
1993 580 2427 643 dubitationem
2466 580 2657 644 levem

352 683 413 762 ej
423 703 495 743 us
556 683 661 761 qui
724 683 990 763 loquitur
1006 730 1021 761 ,
1084 686 1342 766 exprimi
1402 686 1609 767 liquet.
1697 688 1821 750 Illa
1881 697 2077 750 autem
2129 689 2431 769 particula
2486 690 2658 766 ,‚ne“,

354 811 522 870 quae
548 791 825 871 primitus
860 792 1042 855 verbo
1070 794 1425 873 postulandi
1469 796 1658 858 affixa
1686 805 1832 870 erat,
1874 806 2193 877 postquam
2226 797 2381 858 illud
2411 798 2659 861 verbum

352 920 474 979 per
511 899 750 979 ellipsin
795 902 1079 963 omissum
1124 911 1230 976 est,
1278 911 1511 965 retenta
1554 912 1616 966 et
1660 905 1724 965 in
1768 892 2088 967 enunciato
2123 905 2421 985 pendente
2462 907 2663 986 posita

352 1015 473 1068 est.
561 1006 639 1068 cf.
695 1007 1006 1083 Krazium,
1076 1008 1117 1070 l.
1177 1031 1226 1071 c.
1290 1032 1351 1090 p.
1408 1009 1524 1085 293
1585 1033 1642 1092 p.
1700 1010 2031 1086 26—353
2105 1012 2519 1089 Kuehnerum‚
2574 1015 2662 1089 H,

351 1137 423 1196 p.
469 1112 944 1191 1007—10083
1011 1116 1397 1194 Muellerum,
1439 1118 1480 1181 l.
1520 1142 1570 1182 c.
1615 1142 1674 1201 p.
1725 1120 2035 1194 13—-173
2110 1121 2443 1197 Handium,
2487 1123 2659 1185 Turs.

355 1224 482 1298 IV,
526 1246 586 1304 p.
634 1224 746 1299 833
791 1225 1127 1288 Obbarium
1172 1227 1234 1287 in
1279 1227 1490 1308 philol.
1535 1237 1677 1292 tom.
1723 1229 1807 1290 25
1852 1226 2070 1311 (1867)
2110 1251 2169 1311 p.
2214 1230 2555 1296 542—43.

356 1341 480 1395 sat.
516 1333 600 1408 II,
646 1332 704 1408 5,
752 1333 828 1395 18

452 1441 620 1504 Utne
657 1450 858 1522 tegam
904 1463 1117 1523 spurco
1157 1443 1395 1505 Damae
1437 1444 1641 1505 latus?
1730 1444 1924 1507 Haud
1968 1445 2057 1507 ita
2092 1448 2229 1528 Troj
2238 1468 2308 1508 ae

454 1549 556 1611 Me
600 1551 755 1630 gessi
798 1559 1034 1612 certans
1080 1571 1312 1631 semper
1354 1551 1720 1614 melioribus.

573 1656 788 1717 Restat
832 1667 902 1719 ut
943 1657 1200 1720 breviter
1241 1658 1436 1720 dicam
1483 1658 1558 1721 de
1601 1681 1723 1720 uno
1769 1659 1920 1737 1000,
1983 1661 2061 1721 ad
2104 1681 2281 1741 quem
2327 1660 2663 1722 sanandum

358 1763 622 1824 editores
680 1773 740 1826 et
790 1765 1141 1846 interpretes
1201 1768 1419 1829 mirum
1472 1777 1620 1848 quot
1679 1770 2052 1849 conjecturas
2091 1769 2245 1830 inter
2290 1789 2353 1830 se
2397 1769 2664 1832 diversas

356 1871 759 1954 protulerunt.
847 1874 1071 1937 Exstat
1107 1885 1305 1938 autem
1351 1877 1413 1936 in

360 1991 485 2044 sat.
531 1983 582 2059 I,
632 1981 687 2058 1,
741 1981 862 2043 108

457 2089 633 2167 Illuc,
673 2090 832 2151 unde
873 2090 1014 2166 abii,
1056 2091 1246 2152 rede0.
1287 2111 1502 2152 nemon
1546 2100 1616 2152 ut
1652 2113 1872 2162 avarus

460 2199 538 2262 Se
580 2198 792 2279 probet
834 2219 906 2259 ac
949 2199 1148 2279 potius
1192 2198 1399 2259 laudet
1440 2197 1681 2261 diversa
1722 2200 2079 2279 sequentes?

362 2307 481 2370 ubi
516 2305 760 2386 plurimi
802 2305 1035 2367 codices
1078 2306 1257 2386 primi
1303 2315 1363 2366 et
1410 2306 1657 2366 secundi
1710 2306 1935 2367 ordinis
1984 2304 2081 2385 (cf.
2125 2304 2438 2367 Kellerum
2454 2349 2470 2381 ,
2533 2304 2671 2384 epil.

365 2415 460 2490 H,
496 2435 556 2496 p.
601 2413 723 2476 431
743 2447 826 2458 —
845 2413 994 2492 432)
1036 2414 1320 2477 exhibent
1363 2434 1521 2489 eam,
1582 2435 1764 2495 quam
1808 2414 2032 2495 protuli
2075 2414 2408 2478 lectionem.
2496 2412 2675 2491 Quae

365 2524 552 2585 lectio
612 2523 689 2584 ab
747 2522 1071 2585 editoribus
1125 2523 1430 2585 nonnullis
1478 2532 1659 2604 atque
1700 2524 1881 2585 etiam
1920 2545 1958 2585 a
2001 2523 2275 2586 Bentleio
2322 2522 2677 2585 auctoritate

368 2631 629 2692 duorum
680 2630 951 2692 codicum
1012 2629 1476 2692 Blandiniorum
1537 2639 1832 2692 commoto
1886 2639 2126 2711 recepta
2184 2638 2275 2693 est
2330 2638 2391 2692 et
2447 2628 2676 2708 duplici

373 2740 560 2801 modo
589 2739 878 2820 explicari
908 2747 1120 2819 potest.
1209 2739 1558 2801 Particulae
1600 2740 1757 2801 enim
1807 2741 1949 2815 „ut“
2000 2747 2106 2801 aut
2136 2739 2229 2802 vis
2266 2737 2679 2818 comparativa

373 2848 678 2922 inhaeret,
732 2847 901 2911 velut
945 2848 1380 2909 Braunhardus
1422 2848 1485 2908 in
1530 2847 1791 2909 editione
1834 2848 2082 2909 Horatii
2128 2846 2291 2908 1833
2339 2847 2484 2907 anni
2518 2846 2678 2926 judi-

374 2956 566 3031 cavit,
626 2963 687 3017 et
743 2955 806 3015 in
870 2977 1126 3032 „nemon
1187 2976 1250 3017 se
1307 2956 1556 3037 probet“
1617 2955 1953 3035 indignatio
2001 2956 2099 3019 vel
2144 2955 2459 3017 admiratio
2502 2956 2676 3029 inest,

376 3072 489 3125 aut
532 3064 672 3140 „ut“
721 3085 857 3125 cum
902 3064 1210 3144 particula
1251 3065 1402 3141 „ne“
1452 3064 1888 3144 interrogativa
1924 3064 1988 3124 in
2037 3066 2323 3140 „nemon“
2374 3073 2501 3127 arte
2543 3085 2678 3126 con-

369 3171 751 3252 jungendum
816 3181 932 3247 est,
997 3182 1067 3234 ut
1126 3172 1459 3253 indignatio
1523 3173 1731 3234 eodem
1792 3173 1968 3234 modo
2034 3173 2129 3234 his
2189 3172 2386 3236 verbis
2456 3173 2673 3249 „utne“

380 3280 780 3360 exprimatur,
840 3300 959 3361 quo
1005 3288 1116 3342 sat.
1159 3280 1246 3355 H,
1286 3280 1342 3355 5,
1395 3279 1491 3341 18.
1581 3280 1655 3342 Id
1699 3281 1883 3361 igitur
1931 3301 2159 3355 omnes,
2217 3281 2321 3361 qui
2384 3281 2674 3357 ,‚nemon“

380 3386 608 3467 legunt,
655 3388 986 3449 consentire
1023 3408 1263 3450 necesse
1299 3396 1405 3463 est,
1453 3388 1911 3449 admirationem
1943 3388 2041 3450 vel
2075 3387 2547 3467 indignationem
2584 3387 2679 3448 his

381 3494 588 3557 verbis
628 3495 897 3576 exprimi.
990 3496 1198 3576 Atque
1255 3497 1319 3557 in
1373 3496 1533 3558 hanc
1585 3495 1944 3557 sententiam
1978 3494 2371 3575 interpretari
2404 3494 2685 3558 videntur

381 3603 566 3664 etiam
613 3604 776 3665 Acro
815 3612 875 3665 et
918 3603 1267 3685 Porphyri0.
1356 3604 1480 3665 Illa
1524 3614 1724 3666 autem
1774 3603 2108 3685 indignatio
2154 3625 2192 3664 a
2232 3603 2418 3665 totius
2463 3603 2684 3665 satirae

384 3712 623 3773 ratione
681 3713 813 3792 jam
877 3711 955 3773 ab
1017 3712 1188 3774 initio
1255 3713 1383 3793 ejus
1443 3713 1704 3775 dilucide
1766 3711 2006 3793 prolata
2075 3732 2319 3793 prorsus
2378 3711 2681 3785 abhorret3

388 3828 568 3902 atque
631 3820 813 3882 etiam
871 3821 1190 3896 sententia,
1248 3841 1406 3901 quae
1466 3842 1542 3883 ex
1596 3820 2094 3901 subsequentibus
2151 3819 2349 3883 verbis
2411 3819 2683 3894 efficitur,

388 3928 592 3990 obstat
620 3927 742 4007 (vv.
784 3928 997 3989 113—-
1020 3928 1180 4006 119).
1268 3929 1511 3991 Etenim
1542 3929 1860 4002 Horatius,
1906 3929 2013 4009 qui
2039 3928 2152 3989 hoc
2182 3948 2451 3990 sermone
2479 3928 2688 3990 docere

391 4035 610 4110 studet,
657 4056 793 4097 cum
839 4034 989 4097 alios
1028 4036 1299 4098 homines
1331 4046 1460 4098 tum
1494 4036 1759 4098 maxime
1791 4055 2006 4099 avaros
2036 4054 2345 4115 nunquam
2377 4043 2685 4096 contentos

389 4144 625 4206 futuros
670 4164 823 4218 esse,
881 4143 995 4205 hoc
1037 4143 1168 4207 loco
1215 4145 1443 4220 omnia,
1499 4165 1655 4225 quae
1697 4144 2006 4225 hucusque
2061 4140 2416 4223 protulerat,
2477 4139 2687 4222 paucis

391 4252 821 4333 complectitur.
911 4252 1002 4313 At
1044 4254 1096 4314 si
1140 4274 1275 4314 cum
1319 4253 1732 4333 indignatione
1776 4251 1869 4313 his
1913 4250 2112 4315 verbis
2148 4259 2326 4331 poeta
2362 4257 2672 4330 quaereret

395 4360 751 4423 sententiam
795 4362 1088 4441 proferret
1131 4362 1187 4423 ei
1230 4361 1613 4439 contrariam,
1656 4381 1839 4441 quam
1885 4360 1963 4421 ab
2009 4359 2179 4421 initio
2222 4358 2509 4422 sermonis
2551 4379 2687 4421 con·

390 4469 750 4532 firmandam
790 4469 906 4530 sibi
946 4478 1357 4551 proposuerat.
1446 4470 1625 4547 Quae
1682 4489 1818 4531 cum
1869 4468 1958 4530 ita
2009 4468 2154 4544 sint,
2210 4468 2481 4531 codicum
2537 4468 2688 4547 opti-

2218 4568 2279 4621 3*
