3125 4900
1388 380 1767 443 ...8.-

427 552 551 613 late
585 552 819 632 patenti
849 553 1217 632 pronominis
1239 552 1574 613 sanseritici
1617 555 1896 626 „a--na“
1937 579 2018 603 =
2033 554 2203 634 jenes
2224 555 2425 614 radice
2458 555 2727 615 derivan-

426 659 567 721 dam
591 680 736 722 esse.
781 658 1037 740 Propria
1060 660 1244 739 igitur
1274 669 1334 722 et
1362 661 1624 740 genuina
1641 661 1822 722 huius
1846 661 2010 723 vocis
2036 661 2390 740 significatio
2413 661 2533 722 fuit
2551 661 2725 721 alter-

428 768 690 829 nationis
724 768 819 830 vel
859 768 1278 829 disiunctionis
1316 778 1378 830 et
1411 769 1488 829 ob
1522 789 1654 829 eam
1693 789 1816 829 rem
1851 789 1986 829 oum
2021 768 2390 830 Graecorum
2429 769 2730 848 particula

424 864 584 949 ,,ἄν“
620 885 680 937 et
702 875 1039 937 Gothorum
1088 880 1243 951 „an“
1285 886 1544 956 cognata
1575 885 1666 938 est
1708 873 1813 956 (cf.
1837 877 2100 937 Pottium
2148 877 2189 937 l.
2230 898 2279 937 c.
2307 899 2365 956 p.
2401 875 2520 937 381
2543 899 2556 949 ;
2600 877 2727 937 Leo

424 984 666 1065 Meyer„
702 1005 779 1045 an
809 985 892 1044 im
918 986 1137 1064 griech.
1156 985 1305 1046 lath.
1329 985 1488 1064 goth.
1513 1005 1572 1064 p.
1608 983 1646 1045 6
1680 993 1739 1045 et
1760 983 1840 1063 7).
1928 984 1972 1046 J
1976 1005 2073 1044 am
2096 1005 2235 1047 vero
2271 1006 2347 1045 ex
2375 1005 2505 1058 usu,
2529 985 2632 1064 qui
2663 985 2727 1043 in

422 1091 635 1172 lingua
669 1093 866 1154 latina
909 1102 1016 1167 est,
1066 1103 1334 1173 apparet,
1377 1092 1738 1173 particulam
1786 1094 1939 1166 „an“
1985 1092 2123 1153 inde
2170 1092 2248 1153 ab
2296 1093 2726 1172 antiquissimis

424 1210 944 1262 monumentorum
986 1201 1253 1282 reliquiis
1277 1222 1468 1281 usque
1505 1202 1583 1262 ad
1620 1222 1882 1275 auream,
1921 1222 2074 1281 quae
2104 1202 2337 1275 dicitur,
2371 1210 2625 1262 aetatem
2669 1209 2728 1262 et

426 1308 588 1388 apud
634 1330 830 1369 rerum
897 1310 1215 1389 scriptores
1278 1318 1338 1370 et
1396 1309 1557 1388 apud
1617 1319 1822 1389 poetas
1880 1310 1968 1369 ita
2026 1319 2380 1388 usurpatam
2440 1330 2594 1383 esse,
2659 1318 2728 1369 ut

425 1417 843 1478 tantummodo
909 1418 972 1476 in
1056 1416 1622 1496 interrogationibus
1704 1416 2083 1479 disiunctivis
2156 1418 2348 1497 iisque
2417 1417 2725 1477 sententiis

424 1533 762 1605 poneretur,
809 1545 963 1604 quae
1009 1545 1142 1585 cum
1189 1524 1311 1585 illis
1359 1533 1488 1585 arte
1531 1524 1915 1587 cohaererent
1959 1512 2019 1586 et
2066 1546 2140 1585 ex
2166 1525 2289 1585 illis
2331 1535 2497 1585 ortae
2528 1533 2728 1585 essent

424 1633 522 1711 (cf.
567 1633 964 1713 Kruegerum,
1001 1633 1109 1695 lat.
1169 1653 1357 1711 gram.
1420 1630 1457 1710 ξ
1519 1631 1662 1707 516,
1722 1633 1780 1706 4,
1830 1634 1967 1694 adn.
2025 1629 2123 1711 1.).
2211 1633 2454 1712 Neque·
2481 1632 2727 1695 evanuit

421 1740 572 1801 haec
615 1740 859 1820 propria
902 1740 994 1801 vis
1051 1739 1167 1799 nisi
1234 1740 1396 1819 apud
1442 1741 1784 1819 posterioris
1841 1742 2079 1801 demum
2141 1741 2353 1800 aetatis
2411 1741 2725 1819 scriptores

420 1856 480 1908 et
526 1849 687 1927 apud
720 1857 946 1927 poetas,
993 1849 1095 1927 qui
1130 1849 1411 1926 Augusto
1444 1848 1802 1927 imperatore
1819 1848 2149 1909 floruerunt
2183 1848 2279 1924 (cf.
2313 1847 2725 1921 Kuehnerum,

422 1955 462 2016 l.
509 1977 558 2017 c.
603 1956 688 2030 ΙΙ,
733 1978 792 2036 p.
844 1954 1038 2028 102&
1086 1956 1487 2035 Draegerum,
1534 1956 1576 2017 l.
1611 1977 1659 2017 c.
1701 1955 1789 2017 II.
1837 1978 1896 2036 p.
1941 1953 2070 2017 460
2115 1968 2268 2035 sqq.;
2328 1954 2724 2034 Madvigium,

420 2063 526 2125 lat.
572 2064 833 2144 sprachl.
880 2062 916 2142 ἓ
961 2063 1114 2136 463;
1165 2064 1500 2138 Handium‚
1535 2064 1709 2124 TurS.
1756 2065 1808 2138 I,
1839 2086 1898 2142 p.
1944 2061 2068 2123 305
2107 2062 2274 2143 sqq.).
2364 2063 2725 2142 Plerumque

425 2180 624 2231 autem
670 2172 1098 2233 disiunctivam
1146 2172 1267 2233 vim
1315 2172 1507 2232 inesse
1550 2171 1903 2251 particulae,
1946 2173 2085 2231 inde
2128 2171 2307 2231 facile
2350 2170 2723 2249 intelligitur,

421 2278 580 2358 quod
633 2300 944 2359 nunquam
1009 2279 1174 2358 prius
1223 2280 1701 2359 interrogationis
1759 2279 2156 2341 disiunctivae
2212 2278 2541 2339 membrum
2590 2299 2725 2357 par-

427 2386 616 2449 ticula
658 2390 815 2462 „an“
873 2387 1286 2449 introducitur.
1390 2387 1554 2447 Nam
1615 2407 1817 2447 omnes
1862 2386 2385 2467 interrogationes,
2436 2408 2590 2467 quae
2646 2387 2723 2447 ab

421 2497 575 2569 „an“
623 2494 793 2556 nullo
854 2497 1250 2576 praecedente
1292 2495 1557 2556 membro
1611 2496 1926 2575 incipiunt,
1989 2496 2067 2555 ad
2111 2495 2506 2558 disiunctivas
2558 2517 2723 2559 revo-

420 2603 650 2664 candae
711 2612 854 2664 sunt
894 2604 994 2681 (cf.
1049 2603 1449 2683 Madvigium,
1497 2604 1538 2665 l.
1585 2624 1633 2665 c.
1681 2607 1711 2676 ἓ
1767 2602 1920 2677 463,
1974 2603 2394 2677 Kuehnerum,
2457 2602 2498 2664 l.
2544 2624 2591 2664 c.
2638 2603 2721 2677 H,

416 2732 476 2791 p.
531 2710 694 2771 1018
737 2732 891 2791 sqq.;
936 2712 1325 2791 Draegerum,
1371 2711 1413 2773 l.
1451 2732 1500 2773 c.
1545 2710 1597 2784 Ι,
1640 2732 1697 2790 p.
1743 2708 1912 2787 321.)
1951 2711 2037 2771 ita
2079 2719 2149 2772 ut
2176 2712 2343 2790 prius
2371 2710 2721 2780 membrum,

417 2819 469 2878 si
514 2819 812 2880 distinctis
851 2820 1049 2882 verbis
1079 2841 1200 2880 non
1229 2840 1576 2899 expressum
1621 2827 1727 2892 est,
1772 2828 1975 2879 tamen
2007 2819 2134 2880 sive
2166 2839 2199 2878 e
2231 2817 2720 2898 praecedentibus

415 2927 614 2989 verbis
661 2928 787 2990 sive
825 2938 884 2989 et
924 2937 1050 2989 toto
1094 2928 1525 2989 sententiarum
1571 2947 1731 2987 nexu
1776 2926 2136 3006 cogitatione
2182 2925 2582 3005 supplendum
2625 2925 2722 2985 sit.

417 3034 532 3095 Vis
568 3043 767 3096 autem
812 3035 1250 3115 interrogandi,
1300 3056 1453 3114 quae
1497 3034 1776 3114 primitus
1821 3033 2156 3114 particulae
2204 3053 2324 3093 non
2385 3034 2610 3106 inerat,
2668 3034 2721 3093 ei

415 3140 607 3202 allata
647 3151 738 3202 est
793 3163 866 3202 ex
913 3143 1285 3223 oppositione
1344 3141 1779 3222 particularum
1827 3144 2107 3215 „utrum“
2167 3149 2225 3201 et
2287 3143 2452 3215 ,‚ne“,
2503 3140 2721 3219 quibus

414 3251 660 3329 propria
698 3250 864 3311 notio
910 3249 1315 3329 interrogandi
1361 3249 1556 3311 subsit
1600 3247 1700 3328 (cf.
1730 3249 2013 3322 Pottium,
2058 3249 2099 3309 l.
2147 3269 2195 3310 c.
2241 3269 2298 3327 p.
2340 3245 2509 3327 423).
2579 3248 2722 3324 Qua

414 3357 708 3418 facultate
757 3357 1161 3436 interrogandi
1211 3356 1549 3437 praeditum
1596 3359 1748 3431 „an“
1809 3356 2009 3417 differt
2054 3355 2235 3416 etiam
2282 3354 2359 3415 ab
2407 3354 2542 3415 aliis
2585 3376 2720 3435 par-

411 3464 640 3538 ticulis,
694 3465 913 3544 quibus
973 3464 1126 3523 nihil
1186 3464 1468 3536 efficitur,
1528 3464 1646 3524 nisi
1705 3463 2025 3524 disiunctio
2087 3463 2186 3525 vel
2246 3462 2562 3525 verborum
2623 3463 2720 3552 vel

411 3573 852 3633 enuntiatorum
872 3619 886 3644 ,
946 3572 1113 3632 velut
1163 3580 1308 3645 „aut
1355 3573 1503 3633 etc.“
1620 3570 1664 3632 J
1668 3591 1763 3630 am
1807 3591 1945 3632 vero
2005 3570 2325 3631 refutanda
2369 3578 2462 3630 est
2512 3590 2714 3630 eorum

421 3679 639 3758 opiniO,
683 3679 785 3758 qui
830 3699 937 3758 per
981 3681 1126 3751 ,‚ve“
1169 3679 1663 3757 interrogationes
1694 3677 1955 3757 disiungi
1977 3678 2076 3740 vel
2109 3678 2331 3757 opponi
2360 3677 2717 3737 existiment.

411 3787 575 3847 Nam
633 3786 798 3865 quod
854 3787 1017 3865 apud
1060 3786 1383 3846 nonnullos
1443 3787 1786 3865 posterioris
1860 3787 2073 3847 aetatis
2146 3787 2460 3864 scriptores
2519 3794 2718 3846 exstat

413 3895 637 3975 passim
662 3894 767 3953 ille
796 3915 959 3968 usus,
996 3894 1072 3954 ad
1094 3904 1362 3955 auctores
1398 3914 1612 3954 aureae
1633 3894 1848 3954 aetatis
1877 3914 1999 3954 non
2022 3892 2296 3973 pertinet,
2343 3893 2504 3972 apud
2549 3914 2715 3972 quOS,

411 4000 707 4081 siquando
754 4021 792 4062 a
846 4001 1149 4062 codicibus
1193 4004 1341 4075 ,‚ve“
1385 4021 1494 4081 pro
1539 4001 1776 4081 vulgari
1820 4003 1968 4075 ‚,ne“
2016 4000 2333 4062 exhibetur
2378 4000 2577 4061 nescio
2637 4020 2714 4060 an

416 4105 797 4168 librariorum
864 4108 1064 4187 lapsui
1108 4108 1325 4168 calami
1396 4108 1778 4169 tribuendum
1853 4109 1944 4170 sit.
2047 4107 2223 4184 Quae
2266 4116 2584 4187 postquam
2644 4109 2718 4168 de

409 4214 635 4293 origine
692 4215 1026 4293 particulae
1089 4219 1244 4289 „an“
1288 4217 1736 4295 praemisimus,
1787 4217 1917 4295 jam
1965 4224 2339 4276 transeamus
2399 4215 2475 4275 ad
2540 4237 2714 4276 usum

408 4321 909 4383 disiunctivarum
1021 4322 1557 4403 interrogationum
1647 4324 2059 4385 Horatianum
2152 4323 2495 4386 accuratius
2579 4324 2714 4384 illu—

408 4429 739 4491 strandum.
