3125 4900
1314 320 1732 381 ...12-

377 506 631 564 quarum
676 486 999 549 lectionum
1050 491 1340 568 posterior
1385 492 1579 570 magis
1631 492 1855 553 arridet
1911 515 2031 554 non
2090 494 2282 555 solum
2342 504 2676 576 propterea,

376 594 537 672 quod
578 596 864 675 majorem
912 596 1161 675 praebet
1195 598 1622 678 interpretibus
1646 600 2102 675 diffucultatem,
2146 604 2247 664 sed
2294 604 2473 664 etiam
2516 604 2676 684 quod

384 702 502 763 fide
544 704 904 783 optimorum
957 704 1246 766 librorum
1292 706 1507 767 nititur
1555 708 1632 770 cf.
1679 708 1993 770 Kellerum
2038 719 2096 772 et
2140 711 2479 772 Holdcrum
2537 712 2679 772 edit.

373 810 459 881 ΙΙ,
508 832 568 890 p.
618 810 765 884 133;
810 812 1234 886 Kirchnerum,
1281 813 1321 874 l.
1368 835 1418 875 c.
1462 815 1511 888 Ι,
1551 836 1611 894 p.
1657 813 1801 876 217.

376 926 487 980 sat.
533 919 618 991 ΙΙ,
660 918 716 993 6,
764 918 846 979 55

886 1027 1090 1103 Quid?
1136 1029 1427 1090 militibus
1470 1030 1768 1109 promissa
1809 1030 2126 1110 Triquetra

462 1132 722 1194 Praedia
753 1134 979 1196 Caesar
1020 1157 1097 1196 an
1144 1145 1233 1199 est
1280 1137 1445 1198 Itala
1488 1137 1702 1199 tellure
1744 1138 2038 1200 daturus?

379 1240 552 1320 epist.
598 1240 647 1315 Ι,
700 1241 752 1315 1,
803 1241 884 1303 62

467 1349 707 1424 Roscia,
754 1350 852 1412 dic
896 1352 1090 1426 sodes,
1136 1353 1342 1414 melior
1383 1354 1483 1416 lex
1512 1375 1590 1415 an
1621 1375 1938 1434 puerorum
1982 1362 2072 1414 est

463 1456 708 1518 Nenia?

377 1564 548 1643 epist.
594 1564 645 1638 Ι,
684 1565 744 1639 4,
789 1565 827 1626 3

467 1670 632 1747 Quid
678 1694 839 1734 nunc
878 1683 937 1735 te
981 1675 1177 1736 dicam
1221 1676 1418 1738 facere
1463 1677 1525 1736 in
1567 1676 1806 1756 regione
1848 1674 2134 1737 Pedana?

471 1779 740 1842 Scribere
787 1782 945 1861 quod
992 1784 1165 1844 Cassi
1201 1784 1547 1845 Parmensis
1595 1784 1888 1864 opuscula
1928 1784 2149 1857 vincat,

471 1887 573 1946 An
621 1887 871 1948 tacitum
920 1890 1107 1952 silvas
1147 1891 1303 1952 inter
1345 1901 1580 1971 reptare
1622 1891 1933 1952 salubres?

384 2014 493 2073 pro
538 1994 850 2073 „dicamne
893 2007 950 2058 te
996 1998 1251 2061 scribere
1304 2000 1600 2079 ejusmodi
1646 1983 1906 2079 aliquid,
1952 2006 2020 2060 ut
2074 1997 2306 2069 vincat,
2363 2017 2438 2056 an
2486 1997 2682 2057 dicam

381 2109 440 2162 te
473 2105 780 2182 reptare?“

381 2210 553 2291 epist.
607 2211 692 2285 ΙΙ,
737 2211 790 2286 1,
836 2212 918 2273 37

1616 2300 1783 2359 Inter

469 2405 772 2468 Perfectos
816 2415 1158 2488 veteresque
1201 2408 1406 2470 referri
1451 2408 1628 2469 debet
1673 2429 1751 2468 an
1795 2407 1951 2468 inter

469 2514 642 2576 Viles
684 2524 863 2597 atque
903 2519 1130 2579 novos?

1476 2658 1580 2727 Β.

387 2785 577 2856 Eae
621 2784 1467 2873 mterrogationeS‚
1509 2799 1753 2870 quae
1789 2799 1841 2855 e
1873 2784 2200 2855 verbis
2245 2786 2689 2871 pendent.

593 2925 691 2985 De
733 2926 1043 2986 modorum
1090 2926 1331 3006 quidem
1378 2947 1508 3000 usu,
1567 2925 1669 3006 qui
1708 2925 1770 2984 in
1823 2924 2390 3004 interrogationibus
2431 2925 2691 3004 obliquis

394 3033 553 3113 apud
612 3033 943 3094 Horatium
1002 3034 1305 3097 invenitur
1324 3083 1339 3109 ‚
1414 3035 1474 3094 in
1530 3034 1878 3096 universum
1934 3033 2531 3095 animadvertendum
2585 3042 2691 3106 est,

391 3162 526 3202 eum
573 3141 651 3202 ab
695 3142 818 3202 illis
863 3141 1131 3222 legibuS‚
1174 3163 1328 3221 quae
1371 3142 1615 3203 omnino
1652 3142 1726 3202 de
1767 3142 1877 3202 illa
1934 3163 1998 3202 re
2052 3141 2260 3203 valent
2311 3151 2372 3203 et
2423 3163 2462 3201 a
2512 3142 2694 3221 scrip-

393 3250 623 3312 toribus
699 3251 940 3330 optimis
1000 3270 1217 3311 aureae
1279 3250 1494 3312 aetatis
1556 3250 1918 3311 constitutae
1983 3259 2156 3324 sunt,
2219 3270 2339 3310 non
2409 3250 2694 3323 recedere,

398 3367 815 3440 praeterquam
862 3359 1021 3439 quod
1088 3359 1475 3439 interrogatio
1521 3359 1748 3420 directa
1797 3379 1904 3438 pro
1965 3358 2214 3438 obliqua
2264 3380 2696 3439 nonnunquam

398 3476 706 3548 poetarum
762 3468 1009 3528 licentia
1057 3468 1256 3547 posita
1316 3467 1636 3528 invenitur.
1741 3467 1953 3528 Oratio
2005 3466 2162 3526 enim
2220 3476 2343 3528 tam
2398 3468 2698 3528 concitata

399 3586 490 3638 est
539 3586 783 3655 tamque
825 3575 1092 3636 celeriter
1161 3576 1323 3649 fluit,
1402 3584 1469 3635 ut
1524 3584 1706 3654 poeta
1762 3575 2112 3654 primarium
2170 3584 2230 3636 et
2279 3575 2695 3635 secundarium

399 3684 775 3746 enuntiatum
837 3705 957 3744 non
1001 3705 1106 3764 per
1153 3684 1487 3764 hypotaxin
1535 3684 1791 3744 alterum
1839 3684 2012 3744 alteri
2058 3684 2401 3764 subjungat,
2445 3685 2547 3746 sed
2593 3706 2699 3764 per

402 3792 725 3874 parataxin
766 3794 949 3873 juxta
989 3808 1178 3873 ponat
1222 3793 1308 3852 ita
1340 3800 1408 3852 ut
1438 3800 1692 3871 utraque
1724 3792 2019 3852 sententia
2047 3813 2154 3871 per
2192 3813 2255 3853 se
2278 3800 2411 3854 stet.
2501 3793 2697 3868 Quem

409 3937 699 4004 Postquam
733 3939 911 3989 autem
964 3937 1139 3989 notati
1186 3938 1338 4000 sunt,
1382 3935 1661 3989 discedunt
1697 3954 1729 3990 a
1776 3935 1979 4012 medico
2025 3935 2078 3988 hi
2131 3934 2377 3999 carbone,
2425 3933 2506 3987 illi
2555 3937 2701 3988 creta

407 4027 597 4080 notati.
685 4027 873 4095 Itaque
922 4043 949 4080 e
1000 4026 1172 4081 verbis
1220 4026 1655 4093 praecedentibus
1702 4043 1983 4095 „quorsum
2041 4025 2304 4080 abeant?“
2353 4024 2702 4092 supplendum

410 4121 492 4171 est
541 4116 801 4182 „abeant“
856 4117 936 4170 ita
982 4120 1044 4170 ut
1108 4116 1268 4169 verba
1312 4115 1443 4169 mihi
1491 4116 1714 4169 Acronis
1760 4116 2160 4184 explicationem
2220 4118 2402 4169 secuto
2450 4114 2550 4168 hoc
2595 4114 2702 4168 fere

410 4208 567 4263 modo
615 4206 1011 4276 interpretanda
1073 4206 1378 4260 videantur:
1437 4223 1689 4275 quorsum
1746 4206 1978 4261 abeant?
2026 4206 2220 4260 abeant
2275 4209 2339 4258 ut
2395 4205 2512 4258 sani
2558 4208 2705 4259 creta

410 4300 599 4363 notati,
637 4314 701 4352 an
733 4298 926 4351 abeant
959 4301 1024 4351 ut
1058 4297 1229 4352 insani
1269 4296 1492 4352 carbone
1527 4297 1744 4352 notati?
1789 4297 1854 4351 cf.
1903 4296 2247 4351 Kirchnerum
2291 4297 2344 4348 in
2393 4294 2518 4349 edit.
2553 4295 2704 4350 satir.

411 4391 480 4454 11,
511 4389 560 4454 2,
594 4405 642 4455 p.
686 4390 799 4442 100.
