3125 4900
1502 379 1926 441 ..48-

566 548 737 628 epod.
781 548 841 624 3,
885 548 925 608 6

645 656 812 733 Quid
870 656 983 717 hoc
1026 657 1237 719 veneni
1280 659 1476 721 saevit
1519 659 1583 718 in
1612 659 2019 739 praecordiis?

967 764 1133 825 Num
1173 764 1477 845 viperinus
1539 766 1636 827 his
1682 787 1859 828 cruor

647 871 926 932 Incoctus
970 872 1171 933 herbis
1215 893 1311 933 me
1355 873 1596 950 fefellit,
1645 895 1725 935 an
1767 875 1964 936 malas

971 979 1230 1042 Canidia
1265 981 1552 1044 tractavit
1597 982 1822 1062 dapes?

565 1094 677 1147 sat.
721 1086 809 1161 II,
856 1085 917 1163 5,
965 1085 1048 1147 58

647 1193 812 1254 Num
856 1194 1050 1255 furis?
1100 1215 1177 1255 an
1220 1194 1481 1274 prudens
1524 1194 1686 1256 ludis
1729 1216 1823 1257 me
1866 1195 2121 1256 obscura
2165 1197 2479 1256 canendo?

767 1302 1038 1362 Primum
1079 1301 1278 1364 10011111
1317 1302 1641 1382 Cruquius,
1688 1302 2028 1381 BentleiuS,
2087 1304 2371 1367 Kellerus
2418 1312 2477 1365 et
2525 1303 2837 1376 HolderuS,

564 1407 858 1481 Ritterus,
902 1408 1218 1483 Lehrsius‚
1264 1408 1642 1484 Schuetzius,
1683 1409 1743 1470 N
1749 1410 1999 1472 auckius
2041 1419 2101 1472 et
2145 1411 2397 1472 alterum
2442 1419 2678 1491 praeter
2716 1409 2841 1470 illos

569 1515 992 1590 Heindorfius,
1036 1515 1459 1578 Doederlinius
1506 1517 1606 1593 (cf.
1643 1538 1744 1591 ea,
1787 1538 1943 1597 quae
1988 1519 2066 1579 ad
2110 1527 2223 1580 sat.
2255 1519 2304 1593 Ι,
2351 1516 2407 1592 2,
2453 1516 2575 1578 114
2614 1517 2846 1579 adnota-

568 1619 701 1701 vit),
745 1623 1137 1699 Kirchnerus,
1180 1645 1434 1704 quorum
1479 1625 1767 1687 editiones
1808 1625 2044 1706 inspexi
2086 1635 2146 1689 et
2182 1626 2338 1688 inter
2382 1647 2445 1688 se
2486 1625 2727 1701 contuli,
2771 1626 2849 1687 ita

563 1730 966 1812 distinguunt,
1027 1741 1097 1794 ut
1151 1733 1211 1792 in
1272 1742 1555 1814 promptu
1600 1734 1702 1807 sit,
1766 1732 1906 1795 illos
1949 1732 2110 1796 viros
2167 1734 2375 1795 doctos
2427 1734 2712 1795 habuisse
2749 1733 2847 1794 hos

564 1839 728 1901 locos
789 1861 899 1920 pro
961 1840 1525 1921 interrogationibus
1587 1841 1982 1904 disiunctivis.
2084 1841 2236 1904 Cum
2298 1842 2482 1922 igitur
2533 1834 2651 1916 ill'i,
2712 1861 2850 1922 quos

562 1948 739 2009 modo
802 1949 1285 2023 commemoravi,
1356 1949 1852 2029 interrogationes
1909 1970 1947 2010 a
1995 1951 2215 2025 „num“
2283 1957 2344 2011 et
2386 1949 2465 2011 ab
2515 1950 2669 2025 „an“
2719 1949 2850 2010 inci-

561 2055 794 2134 pientes
859 2075 980 2116 non
1041 2055 1473 2136 distinguerent
1529 2056 1648 2116 nisi
1700 2065 1993 2118 commate
2032 2056 2228 2136 posito
2275 2064 2453 2136 atque
2490 2056 2673 2118 etiam
2718 2056 2851 2118 Cru-

565 2162 742 2242 quius
794 2164 1014 2239 „num“
1061 2164 1427 2243 particulam
1470 2164 1594 2226 illis
1632 2165 1780 2225 locis
1824 2185 1953 2226 esse
1995 2164 2403 2244 accipiendam
2436 2185 2543 2244 pro
2580 2166 2847 2239 ‚,utrum“

564 2272 754 2345 dicat,
832 2291 988 2332 unus
1052 2271 1316 2333 Orellius
1375 2272 1573 2351 priore
1642 2271 1773 2333 loco
1847 2280 1985 2351 post
2052 2271 2364 2347 „fefellit“,
2432 2271 2618 2332 altero
2680 2272 2851 2333 etiam

564 2379 910 2460 Kruegerus
958 2387 1139 2460 atque
1180 2379 1466 2440 Kellerus
1511 2387 1572 2441 et
1613 2379 1923 2440 Holderus
1976 2379 2384 2460 interrogandi
2440 2378 2678 2460 signum
2727 2388 2852 2461 post

567 2489 797 2564 „furis“
845 2489 1045 2569 aptius
1087 2498 1433 2569 posuerunt.
1520 2489 1608 2550 Et
1648 2498 1805 2551 recte
1844 2489 2103 2569 quidem.
2191 2490 2353 2550 Nam
2397 2511 2471 2550 ea
2513 2510 2669 2569 quae
2699 2499 2851 2553 vetu-

562 2596 771 2657 stiores
833 2597 1209 2676 grammatici
1270 2604 1339 2657 ut
1398 2596 1746 2676 Kruegerus
1811 2596 1916 2657 lat.
1978 2618 2166 2676 gram.
2226 2618 2364 2677 pag.
2418 2596 2542 2659 696
2598 2606 2659 2659 et
2719 2597 2851 2671 697,

558 2704 1017 2778 RamshorniuS,
1063 2703 1169 2766 lat.
1213 2725 1401 2784 gram.
1451 2708 1482 2777 ἓ
1529 2703 1671 2780 174,
1719 2702 1776 2778 3,
1821 2724 1869 2778 0,
1920 2724 2070 2783 quos
2109 2703 2281 2765 initio
2327 2704 2508 2765 etiam
2549 2704 2850 2777 HandiuS,

560 2812 731 2872 Turs.
776 2811 835 2885 Ι,
880 2833 938 2892 p.
986 2809 1113 2874 334
1158 2819 1394 2873 secutus
1439 2820 1555 2886 est,
1614 2819 2069 2892 praeceperunt,
2129 2812 2349 2886 „num“
2396 2810 2594 2872 locum
2641 2811 2851 2872 habere

559 2919 620 2978 in
665 2919 1013 2998 quaestione
1068 2918 1457 2993 disiunctiva,
1516 2919 1868 2980 recentiores
1925 2918 2255 2998 rejecerunt
2311 2939 2383 2979 ac
2442 2918 2854 2980 refutaverunt

560 3026 635 3087 cf.
666 3027 972 3106 Draeger„
1015 3027 1065 3100 Ι,
1099 3047 1158 3106 p.
1188 3025 1313 3086 343
1347 3026 1453 3105 (--·
1498 3025 1625 3087 316
1668 3026 1716 3086 Ι.
1747 3024 1926 3102 aufl.),
1971 3024 2384 3099 Kuehnerum,
2429 3026 2514 3100 II,
2550 3030 2580 3099 ἓ
2617 3025 2759 3100 234,
2790 3026 2850 3098 9;

558 3133 931 3201 Gossravum
996 3133 1035 3196 1.
1079 3156 1128 3196 0.
1190 3138 1220 3207 ἓ
1263 3133 1417 3207 419,
1464 3134 1532 3208 4,
1594 3133 1668 3206 4;
1737 3133 2146 3212 Madvigium,
2201 3154 2402 3213 opusc.
2446 3135 2617 3195 acad.
2663 3143 2854 3196 attera

556 3262 614 3321 p.
661 3239 813 3314 230;
859 3241 1070 3304 Hand.
1114 3241 1232 3318 IV,
1276 3262 1336 3321 p.
1378 3239 1522 3303 321.
1611 3240 1709 3301 Αο
1751 3240 1804 3300 si
1833 3239 1967 3319 quis
2023 3239 2171 3301 haec
2225 3240 2525 3320 exempla,
2584 3262 2742 3321 quae
2792 3242 2851 3301 in

558 3349 819 3410 medium
876 3348 1126 3429 protuli,
1195 3349 1532 3411 accuratius
1591 3347 2051 3421 examinaverit,
2116 3347 2446 3428 intelleget,
2518 3349 2671 3410 duas
2728 3369 2854 3409 esse

558 3456 1050 3537 interrogationes
1091 3456 1246 3518 inter
1289 3477 1353 3517 se
1386 3476 1504 3517 non
1551 3456 1929 3536 conjunctas,
1993 3474 2248 3534 quarum
2301 3455 2464 3535 prior
2529 3476 2567 3516 a
2628 3458 2846 3532 „num“

557 3564 850 3644 incipiens
894 3565 1248 3625 sententiam
1295 3563 1594 3643 exprimat
1633 3562 1977 3642 negativam
2027 3582 2184 3637 „non
2214 3562 2446 3637 fefellit,
2493 3584 2614 3625 non
2658 3564 2846 3625 furis“

558 3681 619 3733 et
661 3672 1084 3753 interrogando
1127 3680 1330 3752 neget,
1387 3671 1579 3733 altera
1621 3669 1922 3750 particula
1968 3670 2122 3746 „an“
2174 3671 2459 3752 adjuncta
2500 3672 2686 3753 priori
2729 3694 2851 3734 non

559 3789 897 3860 opponatur
954 3781 1057 3842 sed
1116 3781 1354 3862 longius
1407 3779 1789 3860 progrediens
1848 3798 2235 3859 „responsum
2295 3789 2456 3841 certa
2512 3783 2854 3862 conjectura

561 3889 1020 3969 praecipiendo“
1044 3889 1299 3969 priorem
1331 3888 1606 3968 corrigat.
1692 3887 1823 3948 Nos
1864 3886 2177 3967 particulis
2215 3888 2438 3949 utimur
2487 3889 2667 3964 „oder
2707 3890 2853 3953 viel-

563 3996 745 4060 mehr.
755 3997 784 4029 ‘⁶
892 3997 968 4057 In
1027 3995 1489 4076 interrogatione
1553 4003 1755 4056 autem
1818 4014 1956 4056 vere
2014 3994 2380 4058 disiunctiva
2438 3996 2592 4057 duas
2650 4006 2852 4077 partes

564 4125 751 4184 aeque
800 4125 926 4167 esse
969 4104 1185 4166 dubias
1229 4112 1474 4184 oportet,
1518 4124 1773 4184 quarum
1814 4110 1921 4163 aut
1947 4123 2073 4163 una
2102 4111 2209 4164 aut
2238 4102 2427 4165 altera
2455 4105 2854 4181 confirmetur,

564 4234 757 4294 neque
800 4214 850 4274 is
895 4214 999 4294 qui
1043 4213 1380 4274 sciscitatur
1424 4211 1742 4292 dijudicat,
1798 4218 1936 4271 utra
1977 4231 2119 4291 pars
2162 4231 2307 4273 vera
2350 4211 2444 4274 sit.
2533 4213 2627 4274 Hi
2667 4214 2854 4294 igitur

566 4321 684 4383 loci
745 4321 1086 4402 explicandi
1146 4329 1289 4383 sunt
1348 4319 1517 4400 epod.
1583 4317 1652 4396 3,
1714 4317 1754 4380 6
1818 4339 1965 4379 num
2019 4319 2325 4400 viperinus
2385 4341 2559 4383 cruor
2616 4323 2852 4386 occulto

559 4430 869 4494 immixtus
930 4438 1023 4492 est
1080 4429 1260 4495 cibo?
1350 4428 1469 4494 Sed
1524 4427 1690 4491 haud
1749 4426 1873 4493 scio
1934 4448 2011 4492 an
2064 4448 2159 4491 res
2213 4429 2303 4496 ita
2345 4452 2409 4498 se
2448 4452 2572 4496 non
2608 4432 2849 4499 habeat.
