3125 4900
1321 330 1743 392 ..43-

600 502 726 564 Hic
766 522 1091 583 pronomen
1123 501 1616 584 interrogativum
1653 504 1866 580 „uter“
1907 504 2209 585 particula
2251 508 2405 584 „ne“
2444 516 2688 570 auctum

392 608 849 689 interrogationi
902 609 1299 672 disiunctivae
1370 611 1774 690 praemittitur
1832 612 1919 673 ita
1938 658 1953 689 ,
2006 621 2077 674 ut
2137 615 2429 691 „uterne“
2490 615 2693 678 subse-

392 726 617 796 quente
659 717 1119 798 interrogatione
1167 718 1606 798 quodammodo
1651 720 1714 780 in
1762 741 1905 782 suas
1945 729 2148 801 partes
2195 721 2521 786 dividatur.

392 855 509 909 sat.
553 848 640 924 ΙΙ,
681 847 741 923 3,
791 846 917 908 295

480 955 700 1032 Quone
732 956 894 1017 malo
937 965 1193 1018 mentem
1238 957 1570 1018 concussa?
1616 954 1856 1018 Timore
1897 956 2160 1018 deorum.

1510 1145 1571 1208 2.

1231 1274 1433 1338 Oratio
1476 1280 1572 1338 est
1613 1273 1862 1355 obliqua.

386 1387 507 1442 sat.
555 1380 640 1457 ΙΙ,
684 1379 744 1458 3,
790 1379 915 1443 317

1607 1489 1731 1552 Illa
1772 1510 2002 1570 rogare,

481 1594 830 1674 Quantane,
871 1616 1016 1659 num
1060 1605 1317 1677 tantum,
1362 1596 1672 1675 sufflanse‚
1715 1618 1937 1678 magna
1979 1597 2207 1661 fuisset.

1414 1811 1453 1890 ,ες
1502 1811 1556 1876 1.
1602 1812 1661 1874 b.

817 1959 1243 2077 interrogationes
1295 1960 1546 2078 particula
1599 1961 1820 2069 „nonne”
1870 1958 2266 2050 introducuntur.

601 2122 646 2184 J
649 2143 746 2183 am
791 2122 1125 2184 accedimus
1171 2123 1250 2184 ad
1292 2144 1390 2184 eos
1432 2123 1629 2201 locoS,
1689 2123 1965 2204 quamvis
2022 2123 2203 2204 pauci
2260 2123 2413 2200 sint,
2469 2121 2688 2205 quibus

384 2249 504 2309 per
550 2230 829 2305 „nonne“
870 2224 1199 2310 quaeritur.
1288 2232 1465 2309 Quae
1506 2231 1809 2312 particula
1849 2251 1924 2292 ex
1969 2229 2168 2307 „non“
2214 2238 2276 2291 et
2329 2229 2485 2307 „ne“
2532 2249 2687 2290 com·

385 2337 597 2418 posita
641 2338 1070 2401 affirmativum
1112 2359 1463 2419 responsum
1506 2339 1757 2419 requirit
1771 2383 1787 2415 ,
1845 2359 1981 2399 cum
2041 2337 2093 2398 is
2111 2383 2126 2413 ,
2188 2337 2293 2417 qui
2341 2337 2685 2416 interrogat,

385 2446 461 2507 id
504 2468 568 2508 se
611 2468 894 2527 quaerere
954 2445 1226 2524 simulet,
1285 2447 1445 2528 quod
1503 2447 1656 2509 alter
1712 2445 2003 2509 concedat
2058 2465 2423 2526 assensuque
2475 2443 2689 2527 probet

376 2574 629 2616 necesse
668 2562 776 2615 est.
832 2554 907 2615 cf.
951 2555 1376 2632 Kuehnerum,
1422 2554 1463 2617 l.
1512 2576 1560 2618 c.
1606 2556 1703 2632 H,
1749 2576 1809 2635 p.
1856 2552 2048 2628 1011;
2103 2554 2503 2633 Draegerum,
2547 2552 2588 2614 l.
2634 2573 2684 2613 c.

378 2662 478 2738 II,
512 2682 570 2741 p.
608 2660 764 2737 3133
806 2661 1096 2741 Madvig,
1127 2662 1169 2724 l.
1196 2684 1246 2724 c.
1293 2662 1329 2739 ἓ
1369 2660 1515 2740 462,
1562 2684 1611 2725 c.
1699 2663 1988 2743 Krueger.
2025 2661 2132 2723 lat.
2164 2681 2352 2742 gram.
2386 2665 2418 2735 ἓ
2453 2659 2599 2737 515,
2625 2659 2684 2734 2;

378 2769 698 2846 Gossrau.,
746 2769 852 2831 lat.
896 2790 1083 2851 gram.
1128 2790 1188 2850 p.
1230 2769 1375 2831 489.

383 2928 505 2982 sat.
553 2921 610 2996 1,
654 2919 715 2996 2,
766 2919 883 2980 111

472 3028 698 3089 Nonne
742 3028 1126 3108 cupidinibus
1173 3036 1404 3089 statuat
1445 3036 1668 3089 natura
1707 3026 1952 3087 modum
1996 3046 2193 3106 quem,

477 3137 782 3213 Quaerere
819 3137 960 3218 plus
1005 3136 1249 3217 prodest
1290 3144 1350 3197 et
1387 3136 1569 3197 inane
1613 3134 1959 3196 abscindere
2000 3134 2212 3194 soldo?

593 3264 815 3328 Tribus
860 3265 1361 3346 subsequentibus
1383 3265 1692 3345 exemplis,
1733 3286 1889 3346 quae
1915 3284 2120 3325 omnes
2144 3261 2396 3324 eandem
2438 3262 2683 3323 interro-

384 3372 698 3453 gationem
751 3394 991 3449 „nonne
1046 3374 1258 3437 vides“
1318 3373 1643 3450 exhibent,
1701 3374 1898 3437 levem
1952 3371 2431 3434 adhortationem
2489 3370 2685 3432 inesse

382 3481 743 3544 existimem.

377 3610 479 3672 od.
524 3610 574 3685 Ι,
622 3610 719 3687 14,
765 3611 804 3671 3

1095 3719 1315 3781 Nonne
1358 3719 1526 3783 vides
1572 3728 1640 3781 ut
1684 3766 1698 3781 .
1743 3768 1756 3781 .

1102 3806 1562 3908 Antemnaeque
1603 3836 1869 3908 gemunt,
1912 3848 1985 3890 ac

1098 3936 1227 3998 Vix
1270 3936 1489 3998 durare
1533 3936 1804 4007 carinae,

1302 4047 1569 4108 Possunt
1612 4045 1987 4126 imperiosius

1100 4154 1381 4235 Aequor!

380 4290 495 4343 sat.
537 4281 592 4356 I,
636 4280 697 4357 4,
742 4279 865 4344 109
1393 4340 1400 4348 .

467 4392 690 4453 Nonne
733 4391 923 4472 vides,
972 4392 1124 4456 Albi
1167 4400 1236 4455 ut
1275 4392 1435 4456 male
1477 4393 1650 4457 vivat
1687 4392 1890 4458 filius?
