3125 4900
1424 373 1844 437 „34-

1585 537 1682 610 C.

692 690 1045 771 ResponsiO,
1110 714 1265 773 quae
1325 705 1725 776 exspectatur,
1785 708 1878 760 est
1921 701 2288 767 affirmativa
2323 704 2411 766 ita
2456 715 2526 768 ut
2567 706 2638 784 is,
2684 708 2786 787 qui

493 808 763 878 quaerat,
807 800 1070 879 postulet
1120 802 1197 862 ab
1257 822 1359 879 eo,
1420 825 1597 884 quem
1657 807 2004 887 interrogat,
2055 820 2124 872 ut
2194 814 2572 875 assentiatur.
2665 816 2786 876 His

488 905 672 984 igitur
712 905 861 967 locis
919 908 1076 983 „ne“
1137 909 1438 988 particula
1487 914 1758 991 proxime
1816 916 1893 976 ad
1952 920 2231 993 „nonne“
2293 920 2785 999 significationem

492 1014 721 1076 aceedit
756 1014 834 1075 cf.
879 1015 1087 1076 Hand.
1134 1017 1306 1079 Turs.
1352 1019 1467 1095 IV,
1506 1041 1567 1100 p.
1610 1022 1716 1094 74;
1758 1023 2170 1104 Kuehnerum,
2215 1027 2255 1090 l.
2281 1049 2330 1089 c.
2362 1029 2448 1105 ΙΙ,
2492 1050 2550 1109 p.
2584 1029 2748 1091 1002
2771 1054 2786 1105 ;

487 1121 757 1200 Madvig.
802 1120 842 1183 l.
885 1142 934 1183 e.
986 1125 1016 1195 ἓ
1059 1122 1184 1183 462
1208 1145 1260 1186 a.

490 1250 660 1330 epod.
711 1249 772 1326 4,
820 1250 856 1309 7

574 1358 863 1434 Videsne,
910 1404 1472 1422 ..........

570 1466 663 1529 Ut
702 1486 809 1526 ora
852 1473 1050 1527 vertat
1090 1466 1209 1527 huc
1246 1475 1306 1529 et
1343 1468 1461 1530 huc
1497 1470 1766 1530 euntium

893 1572 1232 1635 Liberrima
1277 1576 1661 1656 indignatio?

487 1711 598 1766 sat.
644 1703 697 1779 I,
745 1701 805 1780 3,
853 1701 938 1763 20

1712 1793 1875 1870 Quid
1914 1796 2021 1855 tu?

575 1897 845 1959 Nullane
881 1896 1069 1957 habes
1108 1897 1300 1958 vitia?
1387 1898 1581 1958 Immo
1628 1899 1752 1961 alia
1794 1911 1855 1963 et
1893 1902 2149 1964 fortasse
2194 1902 2443 1964 minora.

485 2037 594 2090 sat,
639 2027 724 2098 ΙΙ,
771 2027 829 2103 7,
876 2025 953 2086 61

1712 2115 1905 2178 Estne
1948 2116 2165 2178 marito

573 2222 895 2283 Matronae
930 2219 1234 2299 peccantis
1278 2218 1341 2278 in
1389 2218 1565 2279 ambo
1606 2220 1765 2283 iusta
1802 2226 2111 2303 potestas?

575 2330 648 2390 In
697 2335 1099 2407 corruptorem
1145 2325 1241 2388 vel
1279 2326 1505 2389 iustior.

485 2459 655 2541 epist.
700 2460 760 2535 Ι,
812 2457 911 2533 11,
957 2456 998 2517 4

573 2567 885 2629 Cunctane
931 2585 1076 2645 prae
1119 2585 1332 2646 campo
1377 2572 1437 2626 et
1476 2564 1758 2626 Tiberino
1801 2566 2047 2629 flumine
2089 2567 2374 2628 sordent?

484 2678 652 2758 epist.
699 2677 751 2751 Ι,
803 2675 899 2751 17,
944 2673 1026 2734 38

575 2784 780 2863 Quid?
825 2783 930 2863 qui
973 2780 1263 2862 pervenit,
1306 2779 1526 2841 fecitne
1568 2779 1822 2842 viriliter
1837 2776 1870 2843 Ρ
1928 2781 2121 2862 Atqui

573 2892 701 2953 Hic
739 2899 831 2952 est
876 2898 983 2950 aut
1025 2909 1343 2969 nusquam,
1381 2889 1540 2969 quod
1588 2889 1945 2968 quaerimus.
2083 2903 2088 2908 ’

694 3021 767 3082 In
813 3020 927 3082 hoc
971 3019 1103 3081 loc-o
1144 3018 1412 3099 plerique
1454 3018 1806 3099 interpretes
1850 3018 2190 3097 haeserunt,
2237 3042 2371 3081 cum
2421 3021 2783 3101 ignorarent,

391 3166 398 3173 ·
491 3131 637 3214 quid
684 3130 800 3192 sibi
846 3128 1073 3192 vellent
1111 3127 1299 3190 verba
1343 3127 1554 3207 „atqui
1598 3127 1697 3187 hic
1747 3135 1838 3189 est
1886 3137 1992 3189 aut
2036 3149 2352 3209 nusquam,
2402 3130 2562 3210 quod
2606 3151 2785 3211 quae—

486 3239 735 3302 rimus.“
840 3236 1251 3299 Nihilominus
1310 3235 1459 3295 mihi
1522 3235 1765 3315 quidem
1808 3235 1995 3300 verba
2053 3258 2231 3299 sensu
2287 3238 2433 3300 satis
2483 3238 2785 3319 probabili

492 3369 695 3411 carere
737 3367 857 3408 non
902 3345 1199 3407 videntur.
1288 3343 1432 3420 Qua
1474 3343 1552 3405 de
1604 3364 1791 3405 causa
1828 3344 2009 3406 liceat
2060 3345 2241 3423 mihi,
2301 3355 2493 3409 totum
2552 3356 2784 3409 senten·

487 3458 709 3519 tiarum
771 3474 992 3516 nexum
1048 3451 1257 3533 paucis
1326 3471 1638 3531 exponere.
1744 3452 2046 3514 Horatius
2122 3463 2442 3535 postquam
2500 3455 2783 3534 Scaevae,

491 3565 683 3629 amico
727 3573 881 3625 natu
923 3562 1159 3638 minori,
1204 3560 1414 3636 suasit,
1471 3567 1541 3621 ut
1587 3558 1891 3642 Aristippi
1932 3562 2174 3625 vivendi
2216 3562 2447 3624 ratione
2502 3572 2783 3641 uteretur,

489 3674 616 3752 cui,
661 3693 780 3755 quo
832 3671 1025 3752 magis
1077 3669 1514 3745 illustraretur,
1574 3667 1766 3749 cynici
1826 3668 2170 3754 philosophi
2228 3680 2551 3752 praecepta
2605 3693 2786 3753 oppo-

493 3791 712 3859 suerat,
749 3779 1023 3845 versibus
1069 3776 1324 3840 33-42
1369 3775 1602 3838 efficere
1641 3775 1859 3853 studet,
1905 3798 2039 3839 eum
2059 3823 2074 3854 ,
2138 3778 2236 3839 cui
2296 3777 2565 3840 favorem
2624 3780 2786 3859 prin-

491 3891 692 3974 cipum
730 3885 846 3951 sibi
879 3887 1197 3949 conciliare
1224 3893 1284 3947 et
1320 3905 1558 3949 servare
1595 3884 1927 3966 contigerit,
1967 3905 2086 3946 non
2118 3885 2319 3946 minus
2354 3884 2600 3967 dignum
2636 3908 2783 3965 esse,

487 3999 592 4083 qui
637 3997 922 4061 laudibus
969 3996 1280 4072 efferatur,
1328 4013 1509 4075 quam
1567 3993 1671 4075 qui
1715 3992 1878 4056 bello
1920 3993 2174 4055 feliciter
2232 4003 2400 4075 gesto
2456 3995 2785 4077 triumpha·

491 4104 664 4171 verit.
752 4104 981 4167 Tamen
1038 4123 1158 4163 non
1204 4100 1498 4163 neminem
1545 4122 1691 4180 esse,
1739 4101 1843 4183 qui
1885 4101 2204 4183 perductus
2246 4101 2474 4180 timore,
2535 4111 2604 4165 ut
2650 4125 2785 4165 con·

495 4215 694 4296 tingat
734 4213 797 4274 id
840 4212 999 4293 quod
1044 4209 1161 4272 sibi
1196 4209 1593 4291 proposuerit,
1638 4210 1857 4291 ignave
1898 4231 1936 4271 a
1977 4210 2228 4272 consilio
2266 4210 2579 4272 destiterit.
2665 4209 2783 4274 Sed

488 4324 633 4404 quid
679 4323 945 4386 Scaevae
1010 4318 1200 4383 videri
1261 4318 1335 4379 de
1395 4338 1462 4379 eo
1508 4317 1894 4380 iudicandum
1940 4337 2086 4392 esse,
2144 4318 2247 4397 qui
2302 4317 2781 4381 benevolentiam

497 4431 752 4493 fautoris
809 4428 1071 4510 potentis
1120 4425 1234 4487 sibi
1287 4426 1742 4516 accquisiverit?
1840 4422 2099 4485 Viriline
2149 4425 2380 4486 ratione
2430 4445 2603 4486 usum
2655 4446 2784 4487 esse
