3125 4900
1407 364 1490 376 -
1576 330 1662 392 42
1749 362 1830 374 ..

472 510 586 564 sat.
632 499 715 576 H,
757 501 813 576 8,
853 500 935 562 67

553 611 733 685 Tene,
775 618 845 672 ut
886 630 995 690 ego
1040 608 1304 689 accipiar
1347 608 1528 684 laute,
1579 610 1907 690 torquerier
1947 609 2110 670 omni

555 717 974 782 Sollicitudine
1012 717 1393 780 districtum?

1598 866 1657 928 2.

762 972 1245 1053 lntermqationes
1285 976 1437 1048 ‚,ne“
1485 974 1759 1057 particula
1806 971 2167 1035 introductae
2221 970 2502 1053 obliquae.

676 1103 823 1164 Tres
866 1102 1068 1166 inveni
1118 1103 1310 1178 locos,
1371 1105 1476 1167 ubi
1531 1102 1833 1185 particula
1882 1105 2030 1179 „ne“
2089 1103 2152 1163 in
2212 1102 2459 1184 obliqua
2520 1103 2787 1165 interro-

474 1211 717 1290 gatione
758 1211 959 1292 posita
1000 1219 1111 1273 est.

479 1326 591 1379 sat.
637 1314 688 1394 I,
733 1316 794 1388 4,
835 1315 920 1377 64

559 1425 743 1487 Nunc
780 1423 937 1486 illud
979 1433 1218 1488 tantum
1260 1444 1568 1506 quaeram,
1612 1423 1904 1486 meritone
1946 1423 2059 1486 tibi
2101 1421 2182 1485 sit

562 1534 921 1615 Suspectum
963 1555 1154 1616 genus
1196 1535 1312 1598 hoc
1356 1533 1673 1597 scribendi.

481 1649 592 1704 sat.
637 1641 689 1717 Ι,
736 1640 794 1714 5,
840 1638 924 1701 65

1725 1725 2031 1787 Donasset
2063 1725 2274 1806 jamne
2313 1733 2585 1787 catenam

564 1834 667 1896 Ex
697 1842 840 1897 voto
881 1832 1165 1911 Laribus,
1211 1833 1556 1915 quaerebat.

488 1950 601 2004 sat.
648 1941 736 2017 H,
780 1939 842 2017 3,
890 1939 1016 2002 253

1708 2025 1967 2102 Quaero,
2013 2026 2286 2087 faciasne
2335 2025 2495 2106 quod
2537 2025 2678 2086 olim

570 2135 845 2196 Mutatus
890 2134 1181 2196 Polemo?
1224 2153 1416 2214 ponas
1461 2133 1724 2213 insignia
1774 2133 2018 2196 morbi?

1704 2239 1830 2318 (=
1875 2250 1936 2303 et
1969 2237 2206 2322 ponas).

1589 2369 1675 2430 H.

689 2502 787 2563 Ea
828 2499 1140 2580 exempla,
1186 2520 1343 2581 quae
1386 2519 1549 2561 nunc
1591 2499 1912 2579 proferam,
1960 2499 2037 2562 ab
2081 2500 2155 2560 iis
2210 2520 2366 2580 quae
2406 2499 2581 2560 modo
2639 2520 2795 2561 enu-

486 2610 731 2684 meravi,
773 2610 861 2671 ita
901 2608 1187 2670 differunt
1202 2653 1218 2685 ,
1276 2616 1347 2669 ut
1413 2608 1802 2687 interrogatio
1861 2608 2240 2671 enuntiativa
2293 2628 2414 2668 non
2470 2628 2577 2687 per
2627 2610 2795 2684 „ne“

493 2717 822 2798 simplicem
881 2716 1243 2797 particulam
1301 2716 1748 2792 introducatur,
1821 2715 1925 2777 sed
1988 2716 2140 2790 „ne“
2218 2715 2517 2795 particula
2569 2735 2793 2795 prono-

492 2827 758 2888 minibus
824 2825 1267 2905 interrogativis
1283 2872 1298 2898 ,
1362 2844 1519 2904 quae
1575 2824 1710 2903 ipsa
1776 2844 1883 2904 per
1945 2844 2007 2885 se
2066 2824 2401 2887 inserviunt
2449 2824 2793 2886 formandis

491 2933 1078 3015 interrogationibus,
1125 2933 1497 2994 adnectatur.
1557 2932 1699 3009 Quo
1742 2933 1921 2994 modo
1963 2932 2056 2995 vis
2098 2932 2433 3012 particulae
2490 2933 2637 3006 „ne“
2693 2933 2795 2991 in-

493 3040 859 3123 terrogativa
901 3049 1214 3120 tantopere
1256 3040 1522 3116 evanuit,
1570 3048 1640 3101 ut
1680 3060 1785 3119 per
1830 3060 1892 3101 se
1947 3060 2069 3100 non
2124 3038 2646 3119 interrogationem
2689 3040 2790 3100 in-

497 3152 673 3228 dicet,
704 3150 810 3212 sed
827 3149 1281 3230 pronominibus
1315 3159 1494 3228 atque
1518 3148 1700 3209 etiam
1722 3146 2056 3227 particulae
2089 3146 2503 3222 disiunctivae,
2524 3150 2795 3224 ,utrum“

502 3258 666 3339 apud
710 3258 1040 3319 Horatium
1079 3256 1285 3334 affixa,
1327 3264 1397 3318 ut
1443 3276 1629 3336 supra
1668 3256 2092 3332 demonstravi,
2134 3254 2257 3319 vim
2294 3256 2793 3335 interrogativam

492 3368 734 3429 illorum
781 3365 1212 3430 vocabulorum
1258 3373 1477 3444 augeat
1521 3372 1582 3425 et
1624 3372 1819 3426 acuat.
1907 3364 2050 3441 Qua
2110 3364 2185 3425 de
2226 3384 2290 3425 re
2323 3364 2795 3445 disputaverunt

497 3476 805 3553 Handius,
851 3476 893 3537 l.
940 3496 989 3536 c.
1031 3474 1148 3551 IV,
1173 3495 1232 3554 p.
1269 3471 1384 3545 78;
1426 3473 1786 3552 Draegerus,
1832 3471 1873 3533 1.
1916 3493 1966 3534 c.
2009 3473 2060 3550 I,
2101 3495 2159 3553 p.
2199 3471 2356 3545 313;
2400 3465 2791 3552 Kuehnerus,

492 3586 534 3648 l.
576 3606 624 3647 c.
673 3584 759 3661 II,
789 3604 864 3664 p.
915 3580 1099 3644 1005.
1204 3572 1671 3644 Pronominibus
1726 3581 2166 3661 interrogativis
2233 3582 2440 3644 addita
2490 3591 2579 3644 est
2622 3586 2792 3659 „ne“

493 3692 794 3775 particula
836 3692 931 3753 his
977 3691 1124 3752 locis

1610 3795 1666 3856 1.

1352 3903 1553 3967 Oratio
1600 3907 1695 3965 est
1738 3907 1921 3965 recta.

496 4002 608 4056 sat.
653 3993 740 4069 ΙΙ,
784 3991 844 4069 2,
892 3990 1013 4053 107

1727 4076 1959 4139 Uterne

583 4185 687 4246 Ad
727 4206 900 4247 casus
944 4184 1158 4246 dubios
1203 4183 1349 4245 fidet
1387 4183 1504 4245 sibi
1547 4183 1807 4245 certius?
1852 4183 1950 4246 hic
1990 4184 2095 4263 qui

581 4295 866 4357 Pluribus
902 4295 1159 4357 assuerit
1196 4303 1454 4356 mentem
1501 4314 1834 4374 corpusque
1877 4293 2219 4373 superbum,

587 4404 692 4472 An
736 4402 839 4485 qui
891 4411 1205 4465 contentus
1250 4423 1438 4483 parvo
1485 4450 1498 4465 .
1546 4449 1559 4463 .
1607 4450 1621 4464 .
1667 4401 1891 4482 aptarit
1942 4402 2157 4463 idonea
2197 4400 2387 4464 bello?
