3125 4900
1439 358 1860 425 -36-

705 659 836 725 Hic
879 681 979 722 eos
1021 661 1183 725 locos
1227 663 1607 738 enumerabO,
1660 664 1768 725 ubi
1809 664 1879 739 is,
1936 663 2041 744 qui
2078 662 2425 743 interrogat,
2467 663 2838 727 indicativo

500 769 678 830 modo
723 769 787 830 in
830 771 1179 851 quaestione
1215 772 1411 852 posito
1455 772 1686 835 indicat
1726 793 1791 835 se
1833 792 1983 847 rem,
2027 791 2185 852 quae
2223 792 2365 835 vere
2397 779 2510 846 est,
2549 771 2839 834 moleste

493 880 666 943 ferre.

497 1010 592 1072 od.
639 1009 760 1084 III,
804 1008 861 1084 5,
908 1009 948 1070 5

583 1117 841 1178 Milesne
880 1116 1085 1179 Crassi
1135 1116 1385 1197 coniuge
1428 1116 1694 1179 barbara

579 1225 800 1309 Turpis
843 1225 1096 1286 maritus
1136 1225 1333 1288 vixit?

496 1353 663 1434 epod.
713 1353 769 1428 7,
786 1374 792 1380 ’
811 1352 850 1414 3

580 1462 886 1523 Parumne
927 1459 1156 1541 campis
1201 1468 1381 1541 atque
1423 1467 1689 1540 neptuno
1736 1481 1919 1541 super

901 1569 1135 1631 Fusum
1172 1577 1265 1631 est
1301 1568 1478 1630 latini
1524 1569 1881 1649 sanguinis?

496 1710 606 1764 sat.
649 1701 700 1776 I,
746 1700 802 1776 6,
844 1698 927 1760 38

580 1810 767 1883 Tune,
813 1808 968 1890 Syri,
1013 1807 1266 1881 Damae,
1313 1815 1420 1868 ant
1460 1806 1720 1888 Dionysi
1766 1805 1943 1880 filius,
1991 1805 2173 1869 audes

576 1916 829 1979 Deicere
874 1915 950 1977 de
989 1936 1137 1977 saxo
1179 1916 1381 1978 cives?

497 2031 608 2087 sat.
655 2024 705 2098 I,
751 2021 847 2097 10,
891 2021 973 2082 21

902 2130 958 2191 Ο
1004 2130 1118 2192 seri
1162 2129 1517 2203 studiorum,
1558 2129 1739 2208 quine
1780 2128 2002 2210 putetis

495 2236 768 2298 Difficile
810 2247 869 2299 et
907 2217 1124 2299 mirum
1168 2237 1407 2299 Rhodio
1451 2236 1613 2317 quod
1653 2237 2019 2300 Pitholeonti

498 2345 808 2426 Contigit?

703 2476 847 2537 Hoc
889 2475 1022 2538 loco
1069 2475 1431 2557 particulam
1479 2475 1629 2551 ,‚ne“
1675 2475 2167 2555 interrogativam
2211 2474 2377 2537 casui
2420 2473 2807 2537 nominativo

497 2584 871 2663 pronominis
913 2584 1152 2648 relativi
1195 2583 1542 2665 adjunctam
1580 2604 1723 2659 esse,
1768 2604 1922 2659 eum,
1967 2584 2070 2664 qui
2114 2604 2238 2647 rem
2285 2583 2623 2645 accuratius
2665 2603 2807 2663 per-

498 2691 774 2772 spexerit,
818 2712 939 2754 non
982 2691 1240 2771 effugiet.
1327 2692 1556 2754 Tamen
1596 2712 1718 2753 non
1769 2691 2112 2767 defuerunt,
2171 2690 2274 2771 qui
2323 2688 2477 2752 illud
2533 2691 2799 2770 „quine“

498 2820 574 2862 ex
625 2799 804 2880 ’,(11ιὶιι
870 2800 931 2861 id
989 2809 1081 2861 est
1144 2819 1306 2880 „qua
1359 2800 1629 2862 ratione“
1677 2808 1738 2861 et
1779 2799 2081 2880 particula
2139 2801 2288 2876 „ne“
2352 2798 2559 2861 eodem
2618 2799 2804 2860 modo

500 2908 895 2989 compositum
953 2928 1081 2969 esse
1133 2908 1576 2983 existimarent,
1631 2929 1749 2989 quo
1795 2909 2100 2984 ‚,uterne“,
2158 2917 2228 2970 ut
2282 2906 2583 2989 particula
2638 2908 2795 2983 „ne“

496 3016 650 3078 nibil
712 3016 878 3078 aliud
941 3016 1301 3091 efficeretur,
1365 3017 1483 3078 nisi
1536 3025 1606 3078 ut
1662 3016 1931 3080 adverbii
1993 3016 2170 3097 „qui“
2232 3015 2643 3096 interrogativi
2701 3014 2800 3077 vis

500 3133 837 3206 augeretur.
926 3124 1139 3187 Veluti
1183 3124 1471 3188 Kellerus
1516 3124 1653 3205 epil.
1697 3125 1781 3201 ΙΙ,
1827 3146 1887 3205 p.
1933 3123 2058 3186 507
2114 3124 2199 3185 sic
2249 3123 2520 3204 disputat
2567 3123 2800 3199 „dieses

497 3233 678 3313 quine
719 3233 800 3294 ist
814 3279 829 3307 ‚
874 3253 998 3294 was
1037 3232 1131 3294 bis
1167 3233 1319 3312 jetzt
1361 3233 1517 3295 noch
1556 3233 1840 3295 niemand
1882 3231 2163 3294 beachtet
2204 3251 2279 3292 zu
2320 3230 2521 3293 haben
2566 3231 2803 3292 scheint

499 3340 596 3402 die
638 3340 864 3404 vollere
902 3341 1057 3402 form
1101 3340 1235 3403 fuer
1271 3341 1434 3421 quin,
1478 3340 1676 3403 nichts
1711 3341 1992 3414 anderes3
2026 3339 2154 3401 und
2182 3340 2287 3420 qui
2315 3339 2397 3401 ist
2425 3340 2604 3402 somit
2632 3339 2801 3400 nicht

497 3446 818 3529 eigentlich
884 3448 989 3508 der
1053 3448 1413 3522 nominativ‚
1497 3447 1753 3511 sondern
1819 3448 1925 3508 der
1989 3446 2413 3509 instrumental
2436 3482 2458 3493 —
2479 3445 2799 3508 modalis“.

499 3556 775 3633 Quocum
811 3576 1134 3636 congruere
1156 3555 1497 3618 Bentleium
1530 3563 1787 3636 apparet
1816 3576 1892 3617 ex
1923 3554 2224 3617 scribendi
2251 3555 2483 3617 ratione
2517 3554 2796 3634 „quine“.

499 3665 589 3727 At
631 3682 835 3726 omnes
880 3663 1260 3744 grammatici
1304 3662 1401 3742 (cf.
1444 3664 1865 3740 Kuehnerum,
1927 3664 1965 3725 l.
2011 3685 2060 3727 c.
2105 3664 2200 3739 H,
2245 3685 2303 3745 p.
2353 3661 2552 3737 1004;
2605 3663 2797 3724 Drae·

497 3792 732 3854 gerum,
793 3771 855 3848 I,
907 3793 968 3853 p.
1014 3770 1170 3846 313;
1238 3771 1450 3835 Hand.
1494 3773 1609 3847 IV,
1667 3794 1724 3854 p.
1774 3774 1886 3846 77;
1957 3772 2207 3845 Holtze‚
2266 3780 2425 3853 synt.
2474 3771 2652 3852 prisc.
2710 3771 2795 3845 ΙΙ,

494 3902 553 3962 p.
598 3879 742 3955 262,
787 3878 871 3958 b.)
915 3879 1212 3954 iudicant,
1270 3901 1403 3942 eam
1463 3881 1824 3943 locutionem
1868 3902 1945 3943 ex
1983 3880 2182 3960 ellipsi
2245 3880 2413 3956 „isne
2458 3887 2574 3954 est,
2632 3879 2796 3959 qui“,

496 3988 593 4053 vel
644 4008 867 4068 „egone
910 4009 1042 4049 sum
1084 3988 1188 4069 qui
1197 3989 1226 4021 ‘⁴
1271 4000 1381 4050 etc.
1421 3997 1689 4051 exortam
1723 4010 1851 4050 esse
1880 3988 1984 4064 ita,
2025 3996 2095 4050 ut
2123 4008 2448 4068 pronomen
2477 3987 2794 4050 relativum

503 4118 638 4159 cum
683 4096 984 4178 particula
1019 4096 1451 4178 interrogativa
1496 4106 1624 4160 arte
1667 4097 1972 4160 coaluerit.
2052 4096 2258 4177 Atque
2287 4117 2394 4177 ego
2436 4096 2674 4176 quidem
2719 4093 2797 4155 ab

494 4205 778 4286 opinione
823 4205 1057 4267 Kelleri
1122 4214 1184 4267 et
1245 4205 1504 4267 Bentleii
1562 4206 1773 4268 recedo
1831 4207 2092 4287 primum
2152 4204 2312 4285 quod
2368 4204 2652 4267 Kellerus
2708 4225 2795 4277 ea,

495 4335 651 4395 quae
695 4313 1030 4384 contendit,
1091 4313 1261 4375 nullo
1321 4314 1499 4374 modo
1559 4313 1899 4375 accuratius
1962 4313 2334 4376 confirmavit
2392 4312 2798 4393 exemplisque

494 4422 809 4503 probavit,
851 4422 1066 4484 deinde
1113 4422 1272 4502 quod
1315 4422 1422 4486 vix
1468 4422 1754 4484 credibile
1801 4430 1924 4495 est,
1971 4422 2303 4484 Horatium
2362 4442 2481 4483 nno
2524 4421 2655 4482 loco
2699 4441 2796 4484 ve·
