3125 4900
1274 380 1702 444 ..21-

340 561 454 615 sat.
496 552 582 628 Π,
628 550 685 627 6,
738 553 776 612 7
780 552 819 613 2

427 660 635 723 Sermo
681 707 1100 723 ........

426 816 442 831 .
487 817 502 831 .
549 817 564 832 .
608 769 769 831 male
810 789 997 831 necne
1032 768 1232 848 Lepos
1277 768 1475 833 saltet.

339 876 516 958 epist.
553 877 640 952 H,
679 876 734 952 1,
779 875 862 937 79

425 986 612 1048 Recte
651 1005 842 1048 necne
888 1005 1126 1047 crocum
1156 983 1449 1065 floresque
1490 985 1870 1065 perambulet
1899 986 2089 1050 Attae

429 1092 673 1155 Fabula
715 1093 767 1155 si
804 1093 1089 1168 dubitem,
1134 1092 1412 1155 clament.

426 1203 782 1278 „Ne—ne“
823 1222 934 1283 pro
976 1210 1309 1277 „utrum—
1327 1204 1445 1263 an“
1483 1202 1750 1283 positum
1792 1212 1884 1264 est

342 1310 514 1392 epist.
556 1312 606 1386 Ι,
640 1309 738 1385 15,
790 1309 869 1371 15

430 1419 806 1482 collectosne
843 1417 1062 1480 bibant
1095 1417 1316 1480 imbres
1353 1426 1645 1499 puteosne
1684 1439 1989 1499 perennes,

432 1527 701 1591 Scribere
741 1536 801 1589 te
841 1526 1016 1588 nobis
1061 1573 1430 1589 .......
1471 1547 1587 1608 par
1628 1535 1734 1589 est.

344 1637 520 1718 epist.
562 1637 649 1711 H,
694 1634 752 1710 3,
798 1633 920 1695 117

431 1743 714 1806 Intererit
752 1741 1028 1817 multum,
1073 1788 1089 1803 .
1133 1789 1147 1804 .
1182 1788 1198 1803 .
1241 1739 1526 1821 loquatur
1570 1787 1584 1803 .
1630 1788 1644 1803 .
1691 1788 1706 1804 .
1752 1789 1767 1803 .

431 1854 792 1915 Maturusne
833 1872 1015 1914 senex
1052 1870 1131 1913 an
1175 1850 1374 1913 adhuc
1410 1848 1656 1913 florente
1688 1851 1945 1931 juventa

432 1959 728 2024 Fervidus
731 2005 1400 2035 ............

432 2069 811 2131 Mercatorne
851 2087 1043 2148 vagus
1082 2066 1352 2128 cultorne
1382 2064 1632 2128 virentis
1675 2065 1878 2145 agelli.

552 2178 773 2239 Restat
809 2184 879 2238 ut
923 2176 998 2237 de
1025 2174 1259 2236 duobus
1297 2173 1445 2236 locis
1488 2173 1689 2234 dicam
1704 2221 1720 2248 ,
1782 2173 2001 2254 quibus
2059 2176 2123 2237 id
2173 2186 2263 2240 est
2321 2199 2652 2258 commune,

353 2284 518 2365 quod
575 2284 807 2345 codices
861 2283 1106 2363 plurimi
1162 2282 1463 2362 iidemque
1525 2281 1737 2361 optimi
1803 2282 1954 2343 miro
2030 2284 2291 2363 quodam
2362 2308 2657 2353 consensu

352 2389 458 2474 (cf.
498 2392 814 2455 Kellerum
874 2399 936 2454 et
992 2390 1333 2454 Holderum
1391 2390 1455 2451 in
1499 2389 1638 2454 edit.
1694 2389 1771 2452 ad
1832 2390 1890 2452 h.
1943 2390 1985 2452 l.
2026 2399 2085 2454 et
2125 2392 2460 2472 Kellerum,
2513 2398 2652 2478 epil.

352 2502 475 2575 ΠΙ,
516 2522 574 2582 p.
622 2498 746 2561 642
766 2532 842 2543 -
865 2497 1012 2579 644)
1059 2499 1273 2579 legunt
1305 2502 1454 2574 „ve“

355 2609 528 2690 epist.
572 2608 623 2683 Ι,
668 2607 766 2682 11,
814 2606 851 2668 3

441 2715 608 2793 Quid
651 2716 763 2777 tibi
808 2715 941 2779 visa
987 2715 1188 2791 Chios,
1221 2714 1471 2788 Bullati,
1518 2722 1780 2794 notaque
1819 2713 2068 2789 Lesbos,

444 2822 610 2901 Quid
657 2822 952 2883 concinna
994 2822 1226 2896 Samos,
1273 2822 1417 2901 quid
1462 2821 1668 2883 Croesi
1713 2821 1876 2901 regia
1910 2821 2136 2895 Sardis,

446 2931 710 3011 Smyrna
754 2929 899 3010 quid
942 2939 1002 2990 et
1045 2929 1396 3010 Colophon?
1442 2930 1678 3010 majora
1723 2930 2034 2990 minorane
2076 2929 2290 2990 fama?

446 3038 759 3099 Cunctane
799 3058 945 3117 prae
990 3058 1202 3117 campo
1247 3046 1307 3099 et
1348 3037 1632 3099 Tiberino
1675 3037 1920 3098 flumine
1962 3037 2244 3098 sordent?

363 3155 425 3208 et

362 3263 475 3317 sat.
518 3254 568 3328 Ι,
601 3253 659 3328 2,
705 3251 786 3314 63

1584 3336 1749 3413 Quid
1794 3336 1949 3398 inter
1994 3370 2073 3380 —

450 3449 569 3510 Est
607 3448 672 3508 in
711 3455 1005 3520 matrona,
1051 3444 1279 3506 ancilla
1322 3464 1607 3525 peccesne
1649 3446 1899 3524 togata?

574 3574 946 3654 Scripturam
1006 3574 1152 3647 „ve“
1225 3573 1275 3633 si
1337 3572 1690 3652 probamuS,
1766 3592 1913 3633 usus
1978 3570 2299 3652 singularis
2366 3581 2668 3635 statuatur

366 3703 611 3743 necesse
652 3691 770 3756 est,
813 3702 945 3742 cum
998 3681 1190 3760 primo
1247 3681 1461 3742 obtutu
1504 3680 1809 3761 particula
1855 3682 2002 3755 „ve“
2042 3680 2135 3740 his
2176 3680 2325 3742 locis
2383 3681 2445 3740 in
2501 3690 2672 3761 parte

370 3791 699 3871 posteriore
740 3789 1226 3869 interrogationis
1261 3788 1659 3851 disiunctivae
1685 3788 1885 3869 posita
1923 3809 2050 3849 esse
2086 3788 2379 3852 videatur.
2465 3790 2672 3870 Atque

371 3899 553 3960 etiam
617 3919 739 3959 non
788 3898 1124 3969 defuerunt,
1169 3897 1273 3977 qui
1330 3897 1692 3977 particulam
1740 3898 1887 3971 „ve“
1942 3906 2100 3961 recte
2156 3898 2301 3978 poni
2358 3898 2421 3958 in
2484 3898 2671 3960 altero

373 4005 792 4069 disiunctionis
824 4006 1091 4067 membro
1136 4013 1444 4067 censerent
1487 4002 1592 4086 (cf.
1628 4004 2000 4068 Schmidium
2046 4006 2110 4066 in
2154 4006 2460 4086 epistular.
2508 4004 2674 4088 edit.)

374 4124 436 4176 et
480 4123 551 4175 ut
592 4114 764 4174 illum
820 4134 997 4175 usum
1050 4113 1417 4194 singularem
1466 4122 1869 4175 sustentarent
1920 4114 1984 4174 in
2040 4114 2300 4175 medium
2345 4115 2679 4196 proferrent

372 4221 511 4283 illos
535 4222 698 4302 ipsos
717 4222 882 4284 locos
903 4218 1006 4302 (cf.
1032 4221 1517 4297 Braunhardum‚
1542 4223 1859 4296 Ritterum‚
1880 4222 2295 4297 Fritzschium,
2318 4222 2675 4298 Holderum,

376 4329 582 4409 alios),
640 4330 893 4411 proinde
936 4351 1007 4392 ac
1066 4330 1118 4391 si
1162 4330 1417 4394 invicem
1478 4353 1540 4393 se
1583 4339 1891 4392 tuerentur
1945 4339 2126 4411 atque
2179 4331 2333 4392 alter
2387 4332 2680 4412 acciperet

374 4439 551 4500 fidem
601 4439 678 4500 ab
725 4438 911 4500 altero
960 4438 1059 4516 (cf.
1104 4436 1679 4520 Dillenburgerum).
1769 4439 1946 4517 Quae
1990 4440 2193 4519 opinio
2235 4460 2415 4520 quam
2473 4440 2679 4519 inepta

2233 4538 2267 4588 2
