3125 4900
1373 368 1798 429 -11-

431 549 542 604 sat.
586 541 672 614 11,
718 538 776 614 3,
824 540 950 603 246

515 648 820 724 Quorsum
867 648 1124 711 abeant?
1192 649 1342 711 Sani
1383 658 1454 710 ut
1483 657 1649 709 creta
1694 667 1771 708 an
1817 645 2076 708 carbone
2115 647 2349 708 notati?

637 755 780 816 Hoc
822 755 956 817 loco
998 756 1269 818 codicum
1314 764 1374 818 et
1416 755 1713 818 editorum
1760 753 2044 817 lectiones
2084 753 2266 816 valde
2307 753 2464 815 inter
2507 772 2570 814 se
2616 752 2735 813 dis-

428 870 693 941 crepant.
760 861 935 925 Libri
957 864 1354 946 manuscripti
1379 864 1669 926 exhibent
1693 863 1868 924 haec:
1903 860 2133 937 „sanii“
2156 857 2494 940 (Parisinus
2521 857 2736 942 7971),

427 976 598 1048 „sani
644 978 842 1038 creta“
886 977 1223 1055 (Parisinus
1273 978 1445 1039 7974
1488 987 1549 1039 et
1595 973 1806 1059 7972),
1851 990 2033 1051 „sanc
2078 944 2224 1054 εἰῶ*
2283 971 2437 1056 (cod.
2478 975 2733 1037 Dessav.

430 1083 543 1157 A),
596 1105 755 1146 unus
803 1086 993 1146 codex
1033 1085 1194 1147 Feae
1234 1086 1483 1161 „sanine
1526 1087 1745 1147 creta.“
1828 1084 1930 1146 Ex
1971 1084 2088 1146 hac
2130 1083 2429 1161 scriptura
2470 1082 2735 1144 Marcilii

431 1193 780 1271 conjectura
823 1193 1183 1273 profluxisse
1224 1192 1372 1254 mihi
1417 1193 1658 1256 videtur
1699 1193 1912 1268 „sanin
1954 1194 2169 1266 creta“,
2210 1211 2393 1271 quam
2424 1189 2734 1251 Bentleius

431 1320 672 1379 quoque
716 1301 779 1361 in
803 1309 1035 1362 textum
1077 1302 1300 1382 recepit
1328 1301 1503 1364 nulla
1526 1322 1712 1363 causa
1734 1308 2083 1375 commotus,
2129 1299 2247 1360 nisi
2283 1299 2444 1379 quod
2484 1298 2735 1373 ,‚sanin“

425 1408 697 1486 proxime
742 1408 974 1470 accedit
1030 1410 1106 1470 ad
1168 1409 1451 1471 lectiones
1509 1408 1819 1470 nonnullis
1879 1409 2215 1481 codicibus,
2276 1427 2425 1487 quos
2491 1405 2730 1486 quidem

427 1514 740 1577 Bentleius
773 1517 1052 1592 excussit,
1103 1517 1355 1579 traditas
1380 1518 1552 1592 „sani
1583 1519 1782 1578 creta“
1826 1525 1885 1578 et
1925 1516 2097 1592 „sani
2142 1536 2221 1577 an
2261 1518 2479 1577 creta.“
2566 1513 2732 1591 Quid

425 1623 648 1684 mirum
696 1634 913 1699 autem,
960 1625 1122 1706 quod
1168 1626 1526 1687 auctoritate
1563 1624 1824 1687 Bentleii
1870 1624 2117 1686 adducti
2158 1623 2335 1684 multi
2377 1622 2732 1684 recentiores

422 1733 676 1794 editores
726 1754 862 1794 eum
907 1734 1095 1796 secuti
1139 1743 1282 1795 sunt
1298 1783 1312 1809 ,
1352 1733 1522 1796 velut
1576 1734 1792 1794 Ritter.
1810 1781 1825 1807 ,
1882 1733 2233 1812 Kruegerus
2252 1780 2267 1806 ,
2330 1730 2731 1803 Braunhard.,

425 1840 721 1915 Orellius,
765 1842 1162 1917 KirchneruS,
1212 1842 1285 1903 L.
1331 1841 1709 1904 Muellerus?
1754 1841 2143 1920 Quamquam
2194 1841 2257 1900 in
2309 1840 2425 1900 hac
2478 1837 2734 1900 lectione

423 1947 844 2009 offendendum
890 1969 1011 2010 non
1055 1957 1161 2023 est,
1205 1958 1408 2010 tamen
1442 1948 1538 2009 his
1572 1947 1939 2029 temporibus
1966 1946 2131 2011 haud
2154 1947 2242 2009 ita
2270 1947 2450 2028 pauci
2490 1946 2730 2008 exstite-

419 2064 563 2116 runt
578 2052 994 2136 (Fritzschius,
1017 2056 1458 2129 Doederlinius,
1475 2050 2028 2136 Dillenburgerus),
2044 2055 2148 2135 qui
2167 2056 2524 2135 optimorum
2548 2062 2731 2134 atque

423 2162 818 2242 plurimorum
863 2163 1133 2225 codicum
1188 2165 1545 2244 scripturam
1562 2212 1578 2238 ,
1623 2184 1772 2245 quos
1821 2162 2132 2225 Bentleius
2188 2183 2310 2224 non
2370 2162 2721 2243 inspexerat

420 2262 881 2351 comprobantes
919 2273 1092 2348 „sani
1130 2276 1236 2335 ut“
1273 2275 1336 2333 in
1362 2282 1595 2335 textum
1620 2273 1949 2353 receperint
1978 2268 2080 2352 (cf.
2114 2270 2362 2345 Keller„
2393 2271 2532 2350 epil.
2557 2270 2642 2344 ΙΙ,
2666 2290 2725 2350 p.

419 2376 584 2459 549).
612 2379 696 2440 Et
715 2387 874 2441 recte
890 2380 1146 2461 quidem.
1202 2382 1362 2442 Nam
1384 2382 1545 2463 quod
1568 2381 1845 2444 nonnulli
1864 2380 1929 2441 in
1952 2401 2020 2442 eo
2042 2380 2367 2455 offendunt,
2388 2379 2549 2460 quod
2570 2399 2726 2440 com-

418 2488 677 2567 parandi
712 2488 1014 2568 particula
1047 2493 1189 2565 „ut“
1213 2491 1510 2554 vocabulo
1553 2491 1764 2566 „sani“
1810 2489 2147 2571 postposita
2167 2497 2273 2563 est,
2310 2508 2520 2549 moneo
2562 2488 2725 2568 apud

417 2598 747 2662 Horatium
783 2598 964 2659 etiam
1005 2598 1191 2661 altero
1247 2599 1380 2661 loco
1418 2608 1531 2662 sat.
1569 2601 1618 2674 I,
1639 2598 1697 2674 3,
1741 2597 1822 2659 89
1861 2598 2174 2680 „captivus
2210 2606 2279 2658 ut
2320 2597 2528 2658 audit“
2562 2595 2723 2659 idem

413 2704 645 2766 factum
691 2726 840 2768 esse.
927 2706 1053 2784 Qui
1093 2727 1237 2768 usus
1275 2708 1339 2767 in
1372 2727 1591 2788 graeca
1634 2728 1873 2788 quoque
1914 2707 2126 2787 lingua
2167 2705 2489 2780 invenitur,
2532 2703 2724 2767 veluti

415 2813 567 2874 Ilias
609 2814 730 2885 111,
777 2812 835 2888 2,
881 2813 1030 2875 Ilias
1073 2815 1222 2890 XV,
1267 2812 1413 2890 579,
1472 2815 1624 2877 Ilias
1680 2816 1812 2890 IX,
1861 2814 1987 2876 297
2033 2803 2197 2875 θεὸν
2231 2802 2325 2887 ὥς
2381 2811 2486 2894 (cf.
2545 2815 2721 2877 Butt-

415 2941 619 2982 mann.
664 2921 884 3000 griech.
928 2942 1117 3002 gram.
1166 2921 1203 3002 ξ
1260 2922 1359 2998 13,
1413 2923 1455 2984 4
1499 2933 1560 2985 et
1596 2919 1948 3004 adnotatio.)
2035 2924 2170 2984 Iam
2206 2944 2349 2986 vero
2375 2923 2718 2986 addendum

419 3029 567 3089 mihi
612 3050 741 3090 esse
800 3029 1039 3092 videtur
1057 3078 1071 3104 ‚
1128 3031 1292 3113 apud
1342 3031 1670 3093 nonnullos
1723 3031 1978 3093 editores
2042 3030 2204 3094 hunc
2265 3031 2463 3094 locum
2525 3052 2719 3111 prava

413 3137 795 3199 distinctione
834 3138 1140 3214 laborare,
1187 3160 1322 3200 cum
1366 3140 1801 3221 interpungant
1860 3161 2182 3220 „quorsum
2243 3141 2465 3203 abeant
2508 3141 2644 3201 sani
2654 3142 2717 3201 ?“

413 3246 590 3322 Quae
637 3268 818 3326 quam
863 3247 1026 3308 falsa
1068 3257 1252 3322 esset,
1300 3248 1613 3310 Bentleius
1666 3248 1927 3311 dilucide
1980 3249 2283 3330 exposuit,
2326 3259 2397 3311 ut
2451 3269 2573 3311 non
2620 3250 2715 3326 sit,

410 3375 518 3415 cur
565 3354 795 3434 aliquid
844 3332 1081 3416 addam.
1172 3356 1290 3417 Sed
1336 3356 1491 3417 alius
1530 3355 1890 3418 discriminis
1928 3357 2286 3418 mentionem
2331 3357 2456 3419 fieri
2499 3378 2715 3438 operae

408 3463 668 3544 pretium
720 3483 848 3525 esse
890 3464 1143 3527 videtur.
1231 3465 1476 3545 Legunt
1517 3465 1677 3527 enim
1713 3465 1818 3527 alii
1841 3466 2167 3541 „notandi“
2201 3463 2263 3546 ¹),
2299 3465 2405 3527 alii
2427 3467 2712 3543 „notati“,

615 3712 660 3779 1)
700 3711 850 3775 Quod
889 3711 1227 3766 Heindorfius
1268 3712 1550 3768 lectionem
1568 3713 1855 3779 „notandi“
1879 3713 2114 3769 defendit
2145 3713 2244 3769 hoc
2266 3714 2422 3768 modo
2460 3715 2711 3782 „notandi

405 3801 531 3856 aber
564 3802 641 3856 ist
678 3802 839 3857 allein
881 3803 1108 3872 richtig,
1146 3803 1296 3858 nicht
1330 3806 1537 3870 notati,
1592 3805 1689 3859 wie
1741 3804 1919 3859 Bentl.
1969 3820 2066 3858 aus
2120 3804 2384 3860 mehreren
2433 3804 2580 3860 codd.
2619 3823 2709 3875 ge-

405 3892 679 3946 schrieben
721 3893 830 3946 hat.
904 3893 1032 3947 Sind
1074 3895 1150 3949 sie
1187 3894 1348 3949 schon
1400 3898 1545 3950 creta
1590 3894 1715 3949 oder
1752 3894 1974 3949 carbone
2019 3894 2221 3959 notati,
2276 3911 2336 3948 so
2370 3896 2509 3949 kann
2560 3896 2710 3950 nicht

402 3983 617 4051 gefragt
669 3983 871 4037 werden
888 4025 902 4050 ‚
956 4001 1207 4053 quorsum
1261 3984 1497 4040 abeant?
1583 3986 1711 4049 Dies
1759 4000 2011 4054 quorsum
2060 3985 2254 4039 abeant
2298 3985 2428 4039 wird
2476 3985 2708 4041 offenbar

403 4073 569 4127 durch
605 4074 704 4128 den
739 4075 1017 4144 folgenden
1057 4079 1245 4129 zusatz
1291 4076 1568 4142 erklaert“,
1614 4094 1675 4131 ex
1718 4076 1803 4130 his
1849 4075 2022 4131 verbis
2073 4078 2321 4144 apparet,
2376 4077 2545 4130 virum
2584 4078 2706 4132 doc-

402 4164 675 4218 tissimum
711 4182 814 4218 non
867 4166 1002 4220 satis
1049 4166 1402 4235 perspexisse,
1456 4167 1586 4236 quid
1642 4168 1746 4222 sibi
1794 4168 1993 4223 vellent
2029 4168 2259 4222 Bentleii
2311 4167 2703 4237 explicationes.

401 4254 590 4323 Fingit
632 4256 768 4308 enim
813 4259 972 4324 poeta
1018 4255 1257 4310 homines
1305 4256 1372 4311 ad
1427 4258 1688 4312 medicum
1743 4258 1963 4324 adduci,
2010 4259 2104 4327 qui
2154 4258 2207 4312 in
2266 4274 2442 4313 eorum
2500 4263 2703 4314 mentes

400 4346 651 4413 inquirat.
746 4346 847 4400 Ille
924 4347 1211 4400 alterorum
1282 4349 1496 4401 nomina
1563 4351 1709 4401 creta
1771 4347 2040 4417 depingit,
2096 4350 2160 4401 ut
2207 4364 2362 4401 sanos
2419 4348 2543 4402 illos
2589 4365 2702 4402 esse

400 4434 625 4500 indicet,
680 4436 965 4490 alterorum
1021 4437 1242 4492 carbone
1298 4437 1543 4492 inscribit
1604 4441 1660 4492 et
1709 4439 1763 4493 in
1829 4454 2102 4493 numerum
2166 4439 2466 4493 insanorum
2528 4438 2702 4493 refert.
