3125 4900
1439 383 1860 446 -55-

487 561 601 615 sat.
642 552 696 631 Ι,
743 551 785 613 2
832 553 912 613 77

896 660 1029 721 Tuo
1071 659 1220 723 vitio
1262 680 1539 722 rerumne
1581 659 1838 737 labores,

572 767 683 828 Nil
727 767 951 829 referre
994 770 1222 848 putas?
1264 768 1368 846 (ε
1410 768 1538 830 noli
1580 768 1818 849 putare)

483 906 596 960 sat.
641 897 732 975 H,
778 895 839 975 2,
877 896 960 959 76

893 1004 1108 1083 Vides,
1150 1013 1223 1067 ut
1263 1004 1534 1086 pallidus
1576 1005 1771 1067 omnis

564 1111 734 1174 Cena
780 1112 1068 1194 desurgat
1109 1113 1342 1176 dubia?
1384 1114 1490 1192 (--·
1533 1110 1697 1195 vide)

479 1252 591 1305 sat.
632 1244 720 1321 ΙΙ,
761 1242 821 1320 3,
864 1243 987 1305 155

561 1352 656 1412 Tu
703 1353 945 1413 cessas?
989 1351 1101 1430 (=-·-
1142 1350 1270 1412 noli
1315 1351 1573 1432 cessare)

476 1490 588 1543 sat.
628 1482 715 1559 11,
764 1481 823 1559 6,
868 1481 951 1543 92

557 1590 674 1652 Vis
718 1599 788 1653 tu
833 1590 1107 1655 homines
1152 1593 1481 1672 urbemque
1523 1590 1668 1652 feris
1715 1609 2086 1669 praeponere
2131 1587 2318 1652 Silvis

1699 1694 1810 1778 (=
1854 1693 2188 1778 praepone)

471 1805 642 1885 epist.
688 1807 742 1884 Ι,
784 1804 845 1884 2,
892 1806 974 1869 39

1704 1913 1773 1976 Si
1818 1914 1964 1993 quid

557 2023 675 2084 Est
718 2023 1006 2100 animum,
1054 2024 1256 2085 differs
1304 2024 1556 2085 curandi
1600 2031 1835 2103 tempus
1881 2023 1944 2082 in
1988 2024 2257 2083 annum?

1699 2131 1806 2209 (=
1846 2130 1971 2192 noli
2014 2126 2274 2211 differre)

1597 2325 1655 2389 d.

467 2446 832 2534 Plerumque
888 2450 965 2512 iis
1020 2452 1576 2536 interroqationibus
1591 2499 1608 2525 ,
1670 2474 1819 2538 quae
1866 2452 2171 2540 particula
2210 2454 2621 2538 interroyandi
2660 2476 2793 2516 non

1021 2561 1488 2634 introducuntur,
1530 2562 1774 2646 affectus
1821 2562 2244 2647 siynificantur.

1598 2779 1656 2823 α.

742 2883 1180 2950 Maestitia
1223 2886 1627 2969 quaedam
1671 2887 1892 2952 inest
1935 2886 2211 2951 tribus
2253 2886 2481 2951 locis,

461 3017 553 3080 od.
598 3018 652 3096 Ι,
692 3016 795 3096 24,
839 3017 879 3079 5

544 3126 709 3206 Ergo
752 3126 1124 3204 Quintilium
1168 3136 1489 3208 perpetuus
1536 3148 1715 3208 sopor
1752 3128 1924 3208 Urgu
1932 3130 2036 3190 et?

461 3254 556 3316 od.
601 3256 655 3332 I,
699 3254 803 3333 25,
846 3255 885 3317 8

546 3363 650 3425 Me
692 3372 799 3425 tuo
842 3363 1057 3444 longas
1097 3375 1384 3444 pereunte
1427 3374 1632 3426 noctes
1638 3411 1652 3441 ,

865 3472 1087 3552 Lydia,
1134 3472 1356 3533 dormis
1376 3474 1402 3532 ?

457 3612 567 3664 sat.
616 3603 702 3679 ΙΙ,
746 3601 806 3679 5,
854 3600 970 3663 101

861 3711 1025 3792 Ergo
1068 3731 1231 3773 nune
1276 3711 1483 3773 Dama
1522 3710 1747 3773 sodalis

536 3816 861 3898 Nusquam
905 3821 1037 3881 est?

949 4095 1143 4162 Oum
1187 4096 1747 4163 admiratione
1792 4099 2251 4181 quaeritur.

449 4230 543 4293 od.
585 4230 704 4308 IV,
754 4230 811 4309 1,
850 4229 891 4291 2

532 4339 905 4417 Intermissa,
948 4340 1178 4416 VenuS,
1225 4340 1330 4402 diu

532 4449 767 4510 Rursus
811 4448 977 4511 bella
1018 4470 1220 4513 moves
1239 4452 1265 4510 ?
1305 4471 1486 4530 parce
1525 4471 1753 4531 precor.
