3125 4900
1426 422 1854 485 ...24-

482 595 632 658 Huc
681 594 912 657 accedit
950 593 1112 674 quod
1168 593 1322 654 nihil
1375 593 1620 656 facilius
1674 594 1801 657 fieri
1860 603 2085 675 potest,
2133 615 2316 675 quam
2374 603 2445 657 ut
2495 597 2561 658 in
2607 597 2779 658 libris

483 706 604 780 ‚,v“
651 712 713 766 et
748 706 864 779 „n“
919 702 1131 764 literae
1173 702 1328 764 inter
1384 723 1448 764 se
1490 711 1936 765 commutentur
1974 703 2073 782 (cf.
2119 703 2434 766 Kellerum
2452 753 2467 780 ,
2516 705 2657 785 epil.
2701 705 2781 767 ad

477 812 537 874 11.
599 810 665 889 1.)
759 811 942 889 Quod
997 811 1049 872 si
1106 811 1214 874 vix
1265 811 1518 873 dubium
1577 833 1707 875 0880
1761 821 1989 893 potest,
2039 814 2186 893 quin
2242 813 2580 875 emendatio
2630 816 2781 889 ,‚ne“

475 921 793 1001 probanda
859 920 965 995 sit,
1024 920 1088 980 in
1148 919 1507 1000 explicando
1559 921 1676 982 1100
1730 921 1863 983 1000
1914 922 2168 984 editores
2224 943 2468 1003 prorsus
2511 923 2668 985 inter
2718 943 2783 984 se

477 1030 891 1091 dissenserunt
938 1048 1011 1089 ac
1069 1027 1294 1090 multas
1349 1038 1411 1090 et
1460 1029 1663 1092 varias
1716 1031 2027 1111 opiniones
2082 1031 2476 1111 protulerunt.
2577 1032 2785 1112 Atque

482 1138 665 1199 cardo
732 1136 1101 1218 quaestionis
1157 1137 1221 1196 in
1285 1157 1355 1198 eo
1412 1137 1684 1213 vertitur,
1741 1147 1942 1200 utrum
2000 1148 2071 1202 ut
2124 1140 2288 1201 Acro
2336 1148 2397 1202 et
2445 1140 2782 1222 Porphyrio

480 1246 580 1325 (cf.
624 1246 859 1326 Pauly„
904 1245 1089 1306 schol.
1135 1244 1357 1308 Horat.
1405 1246 1489 1320 ΙΙ,
1535 1268 1596 1326 p.
1647 1244 1772 1328 99),
1819 1246 2130 1309 Bentleius
2180 1247 2403 1328 aliique
2442 1248 2782 1341 voluerpnt,

472 1355 588 1416 hoc
632 1355 765 1416 loco
806 1363 927 1415 tres
980 1361 1182 1433 partes
1243 1362 1583 1428 ,‚matrona,
1639 1354 1888 1430 ancilla,
1945 1358 2189 1436 togata“
2235 1377 2339 1432 an,
2394 1365 2466 1419 ut
2511 1357 2785 1437 plerique

474 1462 830 1524 recentiores
873 1461 1226 1523 existimant
1263 1461 1535 1536 editores,
1582 1461 1739 1547 duae
1778 1470 2019 1524 tantum
2069 1472 2271 1544 partes
2300 1472 2630 1539 ,‚matrona,
2677 1484 2783 1525 an-

477 1570 624 1633 cilla
676 1571 924 1650 togata“
976 1570 1133 1632 inter
1171 1590 1234 1631 se
1276 1577 1679 1650 opponantur,
1723 1570 1812 1632 ita
1852 1580 1923 1633 ut
1967 1572 2251 1652 „togata“
2295 1593 2431 1633 eum
2475 1572 2783 1647 „ancilla“

474 1679 955 1760 coniungendum
1000 1678 1082 1739 sit
1123 1687 1183 1739 et
1224 1698 1299 1739 ex
1340 1677 1577 1739 duobus
1612 1677 1926 1741 vocabulis
1951 1700 2075 1741 una
2094 1681 2260 1741 notio
2290 1680 2602 1744 efficiatur.
2681 1682 2786 1743 Ac

473 1787 624 1848 mihi
659 1787 900 1868 quidem
936 1807 1061 1848 rem
1104 1787 1287 1867 paulo
1333 1787 1672 1850 accuratius
1713 1787 2099 1849 enucleaturo
2139 1788 2400 1850 Bentleii
2440 1809 2783 1869 eorumque,

474 1897 579 1977 qui
609 1916 744 1957 eum
769 1895 961 1957 secuti
984 1903 1143 1969 sunt,
1169 1894 1479 1974 opiniones
1511 1894 1862 1956 abiciendae
1883 1895 2165 1958 videntur
2198 1896 2437 1958 duabus
2467 1897 2543 1958 de
2559 1898 2782 1959 causis.

473 2004 744 2065 Primum
786 2003 945 2064 enim
974 2001 1361 2082 interrogatio
1406 2002 1775 2065 disiunctiva
1803 2003 2133 2065 efficeretur
2162 2024 2239 2065 ex
2270 2004 2461 2066 tribus
2503 2005 2785 2085 partibus

473 2119 784 2186 constans,
844 2130 1101 2191 quarum
1149 2110 1306 2171 duae
1348 2110 1577 2190 priores
1636 2110 1938 2191 particula
1997 2111 2361 2175 disiunctiva
2418 2132 2540 2173 non
2601 2112 2788 2174 inter-

475 2219 675 2299 posita
729 2209 1107 2289 ἀσυνδέτους
1159 2218 1334 2279 iuxta
1378 2226 1775 2298 ponerentur,
1833 2218 2014 2280 tertia
2059 2226 2260 2280 autem
2302 2218 2425 2280 illis
2470 2239 2575 2299 per
2619 2220 2784 2296 ,‚ne“

473 2335 886 2407 opponeretur.
976 2325 1374 2388 Grammatici
1421 2334 1622 2387 autem
1670 2326 1887 2387 docent
1927 2327 1991 2386 in
2053 2326 2616 2406 interrogationibus
2676 2326 2787 2387 tri-

479 2436 721 2517 partitis
788 2434 1117 2498 secundum
1180 2434 1515 2497 membrum
1591 2455 1824 2515 semper
1897 2434 2197 2515 particula
2257 2437 2405 2511 ,‚ne“
2465 2435 2564 2499 vel
2621 2436 2786 2511 ‚,an“

480 2544 734 2624 proferri
790 2563 1031 2606 necesse
1080 2564 1225 2606 esse.
1326 2543 1565 2606 Deinde
1620 2564 1763 2607 vero
1810 2543 1980 2604 nullo
2029 2544 2206 2605 modo
2258 2544 2384 2605 fieri
2434 2553 2659 2624 potest,
2711 2553 2790 2606 ut

475 2652 589 2713 hoc
631 2652 768 2714 loco
802 2661 1135 2727 ,‚matrona,
1182 2652 1432 2727 ancilla,
1485 2654 1731 2732 togata“
1781 2652 1937 2714 inter
1979 2673 2042 2714 se
2093 2660 2505 2733 opponantur,
2559 2652 2790 2732 quippe

479 2780 615 2820 cum
660 2760 826 2821 notio
866 2760 1127 2821 ancillae
1164 2760 1262 2821 1110
1306 2760 1682 2840 ineptissima
1717 2760 1811 2823 sit.
1898 2760 2062 2822 Nam
2095 2760 2393 2822 Horatius
2422 2761 2486 2821 in
2508 2761 2788 2823 versibus

479 2869 978 2948 praecedentibus
1043 2868 1398 2929 ancillarum
1476 2868 1838 2929 mentionem
1904 2889 2026 2929 non
2091 2868 2236 2929 fecit
2307 2869 2412 2929 sed
2469 2877 2785 2930 matronas

474 2977 706 3037 iantum
751 2986 812 3037 et
849 2976 1161 3037 libertinas
1197 2976 1293 3040 vel
1323 2976 1539 3036 mimas
1579 2976 2031 3056 meretricesque
2072 2977 2227 3038 inter
2272 2997 2337 3038 80
2381 2977 2781 3056 comparavit,

479 3105 615 3145 cum
691 3084 1026 3145 ostenderet
1043 3131 1058 3158 ,
1138 3104 1237 3144 eos
1312 3083 1415 3163 qui
1454 3083 1734 3154 ,libidine
1808 3085 2043 3147 incitati
2109 3086 2236 3147 sive
2296 3094 2603 3147 matronas
2650 3086 2787 3149 sive

414 3259 419 3265 ‚
475 3192 786 3253 libertinas
848 3200 1151 3265 amarent,
1209 3191 1418 3270 utique
1471 3191 1891 3254 detrimentum
1942 3212 2170 3273 capere.
2257 3193 2392 3254 Illis
2449 3194 2607 3255 0111111
2653 3215 2785 3255 sae—

474 3299 719 3378 pissime
766 3319 1003 3360 summa
1053 3298 1323 3378 pericula
1368 3299 1681 3362 subeunda
1732 3320 1876 3374 esse,
1919 3300 2028 3361 hos
2067 3309 2264 3362 autem
2299 3300 2540 3362 modum
2586 3309 2786 3363 trans-

476 3414 683 3467 euntes
727 3416 788 3468 et
827 3428 950 3467 rem
994 3406 1358 3467 familiarem
1404 3416 1464 3468 et
1502 3407 1730 3468 famam
1770 3407 2033 3487 perdere.
2120 3408 2342 3470 Verbis
2368 3417 2566 3470 autem
2595 3409 2788 3489 „quid

477 3515 727 3576 interest
770 3516 919 3576 etc.“
953 3515 1253 3577 Horatius
1283 3516 1805 3595 argumentationi,
1840 3525 1910 3576 ut
1946 3515 2034 3577 ita
2064 3516 2279 3592 dicam,
2318 3517 2495 3578 finem
2526 3517 2790 3597 imponit

480 3623 569 3683 ita
611 3632 681 3683 ut
721 3623 981 3685 breviter
1017 3623 1383 3703 complexus,
1427 3645 1584 3704 quae
1627 3633 1805 3685 antea
1850 3634 2238 3704 exposuerat,
2283 3626 2590 3688 confirmet
2623 3646 2783 3700 eum,

476 3730 579 3811 qui
636 3740 947 3792 matronae
1008 3739 1279 3811 stuprum
1336 3731 1557 3792 inferat
1572 3779 1587 3806 ,
1647 3752 1834 3811 aeque
1890 3732 2141 3793 stultum
2200 3742 2261 3794 et
2312 3733 2782 3813 vituperandum

478 3859 623 3913 esse,
667 3860 855 3918 aeque
913 3839 1153 3899 modum
1210 3840 1467 3900 transire
1523 3848 1706 3919 atque
1755 3860 1889 3900 eum
1907 3887 1921 3914 ‚
1975 3841 2079 3920 qui
2136 3862 2272 3902 cum
2328 3841 2611 3903 libertina
2649 3864 2782 3904 rem

476 3946 840 4007 familiarem
876 3947 1162 4008 effundat.
1253 3948 1531 4027 Apparet
1561 3947 1760 4026 igitur,
1800 3948 1878 4007 ad
1906 3947 2067 4008 hunc
2096 3949 2524 4010 sententiarum
2552 3970 2781 4012 nexum

471 4054 642 4114 nullo
700 4055 875 4116 modo
943 4056 1264 4134 quadrare,
1326 4056 1376 4117 si
1438 4055 1573 4135 quis
1630 4064 1943 4117 matronae
2002 4064 2064 4117 et
2118 4055 2435 4118 libertinae
2491 4058 2780 4119 ancillam

473 4171 756 4242 opponat.
843 4164 1004 4224 Nam
1053 4164 1352 4225 Horatius
1396 4186 1454 4227 v.
1501 4163 1621 4224 117
1647 4163 1932 4243 postulat,
1978 4172 2049 4224 ut
2069 4164 2138 4237 is,
2183 4165 2286 4243 qui
2320 4165 2550 4226 modice
2571 4166 2782 4229 vivere

473 4269 709 4349 cupiat,
780 4270 871 4336 ad=
919 4271 1250 4351 explendas
1317 4271 1599 4332 libidines
1665 4293 1801 4332 cum
1877 4271 2024 4351 ipsis
2092 4272 2330 4333 ancillis
2397 4273 2780 4349 concumbat,

471 4378 693 4456 quippe
734 4378 795 4437 in
839 4379 1058 4457 quibus
1112 4399 1359 4459 peccare
1414 4399 1525 4440 nec
1582 4379 1981 4459 periculosum
2039 4380 2119 4441 sit
2172 4401 2282 4441 nec
2337 4389 2777 4460 sumptuosum.

477 4488 601 4549 Suo
648 4487 830 4565 igitur
869 4488 995 4549 iure
1036 4487 1303 4566 plerique
1325 4489 1678 4550 recentiores
1725 4490 2073 4568 interpretes
2097 4489 2459 4552 vocabulum
2491 4500 2777 4574 „togata“
