3125 4900
1313 404 1693 466 „35-

353 580 529 641 illum
577 601 656 641 an
702 580 833 642 viro
876 580 1166 660 indigna?
1251 577 1405 640 Cum
1463 586 1665 639 autem
1709 576 1797 653 ei,
1843 576 1947 656 qui
1996 574 2265 638 favorem
2322 574 2660 656 principum

355 688 472 750 sibi
514 687 962 765 conciliaverit,
1009 687 1210 749 animo
1253 685 1418 750 virili
1461 706 1613 766 opus
1656 685 1760 761 sit,
1815 705 1933 764 quo
1976 683 2212 746 labores
2257 683 2546 764 suscipiat
2600 690 2662 744 et

355 804 701 858 constanter
741 796 1023 876 perferat,
1067 795 1130 855 in
1174 802 1459 875 promptu
1506 814 1655 870 esse,
1695 813 1830 854 eum
1870 792 2124 856 viriliter
2159 793 2368 872 egisse.

565 906 770 983 Quam
811 903 1246 985 interpretandi
1288 903 1580 963 rationem
1621 902 1672 962 si
1709 900 2181 981 probaverimus,
2229 900 2658 962 sententiarum

356 1033 580 1074 nexum
622 1012 776 1075 bene
840 1034 903 1075 se
964 1012 1187 1074 habere
1241 1010 1564 1092 apparebit
1612 1010 1932 1091 omniaque
1985 1009 2171 1073 verba
2228 1030 2401 1071 suum
2464 1008 2664 1070 locum

358 1119 647 1183 obtinere.
736 1122 1036 1183 Horatius
1079 1121 1239 1182 enim
1292 1119 1409 1180 hac
1451 1118 1914 1198 interrogatione
1970 1138 2115 1178 usus
2158 1138 2367 1180 revera
2410 1116 2664 1197 experiri

356 1229 589 1306 studet,
650 1229 794 1309 quid
845 1229 1078 1292 Scaeva
1136 1227 1387 1301 sentiat,
1445 1247 1812 1307 quamquam
1867 1226 1997 1306 ipse
2041 1246 2162 1287 non
2211 1226 2467 1306 ignorat,
2508 1245 2663 1305 quae

359 1337 780 1417 respondenda
823 1338 957 1399 sint.
1052 1338 1270 1417 Itaque
1322 1334 1626 1416 particula
1665 1334 1942 1412 „nonne“
1987 1354 2111 1394 non
2153 1334 2361 1411 utitur,
2406 1354 2481 1394 ne
2518 1332 2661 1412 quid

356 1445 486 1525 ipse
544 1445 798 1522 sentiat,
862 1446 1085 1506 indicet
1144 1444 1221 1506 cf.
1285 1443 1622 1505 Obbarium
1688 1463 1742 1505 a.
1793 1442 1854 1504 h.
1912 1442 1955 1503 l.
2049 1441 2166 1504 Sed
2218 1441 2500 1521 quoniam
2564 1462 2662 1502 ex-

356 1554 669 1633 posuimus
709 1574 832 1632 qua
876 1553 950 1614 de
1005 1573 1190 1614 causa
1230 1551 1528 1613 Horatius
1570 1549 1872 1630 particula
1925 1548 2103 1626 „ne“,
2155 1569 2310 1629 quae
2364 1548 2465 1611 hic
2506 1548 2664 1609 idem

360 1662 664 1741 significat
711 1661 872 1741 quod
927 1661 1227 1738 „nonne“,
1273 1681 1419 1721 usus
1464 1668 1651 1736 esset,
1697 1658 2043 1720 examinare
2087 1656 2235 1717 mihi
2272 1656 2486 1733 liceat,
2545 1676 2668 1736 qua

359 1770 595 1831 ratione
639 1769 1006 1849 subsequens
1031 1769 1330 1831 sententia
1361 1789 1496 1829 cum
1519 1766 1949 1848 interrogativo
1979 1765 2292 1826 enuntiato
2331 1764 2665 1826 cohaereat.

361 1879 459 1939 Ac
514 1878 621 1942 vix
665 1899 881 1958 operae
925 1878 1180 1959 pretium
1245 1866 1335 1938 est
1390 1895 1854 1939 commemorare
1870 1921 1885 1951 ,
1944 1860 2353 1954 quaestionem
2409 1871 2671 1948 „fecitne

344 1985 665 2049 ‘viriliter“
713 1986 1100 2067 subsequenti
1137 1986 1449 2047 enuntiato
1493 1983 1832 2064 oppositam
1878 2002 2007 2043 esse
2043 1982 2131 2043 ita
2171 1988 2241 2042 ut
2279 1979 2530 2059 „atqui“
2570 2000 2669 2040 ex-

367 2103 486 2156 stet
528 2095 589 2154 in
630 2095 957 2174 posteriore
1000 2093 1268 2155 membro
1324 2092 1729 2154 conclusionis
1776 2087 1879 2172 (cf.
1927 2089 2322 2151 Kuehnerum
2342 2134 2357 2165 ,
2399 2088 2439 2150 l.
2486 2110 2533 2150 c.
2578 2088 2666 2165 II,

368 2223 428 2281 p.
472 2199 638 2280 696),
686 2201 855 2262 cuius
898 2201 1228 2282 propositio
1272 2201 1496 2277 maior,
1543 2208 1614 2261 ut
1656 2199 1744 2261 ita
1783 2199 2011 2274 dicam,
2068 2197 2147 2258 sit
2199 2197 2337 2274 „hic
2394 2196 2668 2276 pervenit

370 2310 447 2370 ad
493 2310 555 2370 id
601 2309 758 2389 quod
805 2308 920 2369 sibi
957 2308 1410 2389 proposuerat“,
1452 2306 1785 2389 propositio
1812 2307 2007 2367 minor
2049 2306 2261 2386 „atqui
2307 2301 2458 2386 (nun
2505 2304 2669 2381 aber)

366 2417 466 2479 hic
509 2419 629 2496 (=
674 2417 737 2477 in
781 2438 849 2479 eo
892 2418 1051 2498 quod
1096 2417 1315 2498 aliquis
1358 2417 1627 2479 favorem
1686 2415 2026 2497 principum
2069 2413 2185 2476 sibi
2228 2414 2533 2493 conciliat)
2580 2422 2671 2475 est

371 2524 533 2605 quod
573 2524 915 2605 quaerimus
961 2521 1084 2607 (=
1127 2524 1318 2588 virilis
1365 2544 1435 2585 ac
1479 2532 1755 2585 strenuus
1803 2520 2084 2605 animus),
2138 2522 2442 2584 conclusio
2489 2542 2669 2603 „ergo

363 2634 445 2710 is,
492 2633 596 2712 qui
642 2633 935 2712 pervenit,
980 2632 1236 2697 viriliter
1273 2632 1453 2713 egit.“
1541 2632 1721 2709 Quae
1759 2631 2063 2693 conclusio
2104 2631 2340 2693 etiamsi
2373 2631 2670 2693 distinctis

372 2741 574 2804 verbis
633 2762 755 2802 non
821 2741 1205 2822 exprimitur,
1262 2750 1464 2803 tamen
1522 2749 1721 2801 mente
1787 2739 2125 2820 supplenda
2182 2749 2274 2801 est
2331 2738 2523 2818 (cuius
2585 2740 2668 2801 rei

365 2848 655 2930 exempla
695 2848 1062 2911 Kuehnerus
1119 2849 1159 2911 l.
1211 2871 1260 2912 c.
1309 2847 1537 2925 attulit)
1583 2848 1658 2909 cf.
1702 2848 1881 2909 etiam
1927 2868 2032 2924 ea,
2084 2867 2240 2927 quae
2290 2846 2560 2908 Ritterus
2616 2867 2670 2909 a.

363 2957 422 3019 h.
467 2957 508 3019 l.
553 2956 725 3018 dixit.

572 3065 740 3125 Inter
776 3064 926 3125 haec
969 3064 1246 3146 exempla
1283 3064 1627 3126 referendus
1683 3072 1839 3126 esset
1872 3063 2052 3124 etiam
2095 3062 2283 3139 locus,
2327 3062 2431 3142 qui
2475 3069 2673 3123 exstat

365 3172 428 3231 in
473 3172 645 3251 epist.
690 3172 743 3248 I,
793 3171 849 3249 1,
898 3170 999 3249 91,
1047 3173 1096 3233 si
1133 3182 1291 3235 recte
1324 3172 1639 3235 Bentleius
1673 3172 2036 3234 coniecisset.
2124 3171 2361 3250 Nempe
2404 3170 2466 3231 id
2509 3170 2670 3250 quod

367 3279 580 3359 optimi
648 3278 817 3341 codd.
885 3280 1170 3342 exhibent
1234 3281 1419 3361 „quid
1492 3282 1760 3361 pauper?
1825 3279 1983 3340 ride:
2044 3279 2303 3355 mutat“,
2362 3276 2670 3338 Bentleius

371 3386 634 3451 mutavit
676 3387 738 3445 in

368 3495 542 3576 epist.
588 3494 641 3571 I,
691 3493 747 3571 1,
791 3493 869 3557 91

458 3602 625 3681 Quid
665 3603 935 3682 pauper?
977 3602 1196 3679 viden',
1241 3609 1312 3663 ut
1352 3609 1551 3663 mutat
1595 3601 1928 3663 cenacula?

580 3709 760 3786 Quae
819 3711 1162 3790 conjectura
1217 3730 1583 3790 quamquam
1641 3731 1677 3772 a
1741 3710 2018 3772 Bentleio
2069 3730 2294 3790 magna
2344 3729 2478 3770 cum
2533 3707 2670 3769 sub·

373 3817 597 3879 tilitate
640 3816 881 3897 prolata
925 3826 1042 3894 est,
1086 3826 1288 3878 tamen
1336 3837 1583 3897 prorsus
1640 3817 1963 3879 refutanda
2017 3825 2122 3879 est.
2208 3816 2371 3877 Nam
2428 3815 2670 3876 omnino

367 3947 487 3987 non
531 3934 623 3987 est
687 3946 793 3987 cur
853 3925 916 3985 in
974 3925 1229 3988 lectione
1290 3947 1328 3986 a
1376 3924 1547 3987 libris
1603 3947 1744 3989 mss.
1804 3926 2030 3988 tradita
2088 3925 2472 4001 haereamus,
2534 3944 2669 3984 cum

368 4034 800 4096 difficultatem
820 4033 1107 4113 praebeat
1123 4033 1375 4096 nullam.

1464 4133 1578 4201 D.

575 4249 621 4313 J
623 4270 720 4312 am
777 4250 1112 4311 accedimus
1177 4249 1253 4310 ad
1310 4269 1411 4310 eas
1465 4249 1994 4329 interrogationeS,
2056 4247 2273 4328 quibus
2335 4245 2670 4327 indignatio

368 4358 542 4436 inest,
586 4379 741 4439 quae
785 4358 960 4420 modo
1004 4358 1198 4420 levius
1245 4357 1601 4438 exprimitur
1640 4358 1820 4418 modo
1859 4357 2074 4420 acrius.
2162 4357 2301 4434 Quo
2346 4356 2419 4416 de
2457 4376 2671 4435 genere

371 4468 903 4548 interrogationum
946 4467 1283 4547 disputavit
1329 4465 1540 4528 Hand.
1582 4466 1753 4528 Turs.
1798 4466 1914 4542 IV,
1957 4486 2017 4546 p.
2063 4463 2160 4526 81.
