3125 4900
1353 408 1434 418 -.
1523 374 1606 436 52
1693 409 1776 417 ..-

605 546 864 608 Wolfius
908 555 970 608 et
1002 547 1336 628 Zumptius,
1381 547 1485 627 qui
1532 547 1608 608 ad
1654 545 1779 607 Cic.
1803 545 1978 607 Verr.
2002 543 2058 619 3,
2083 547 2183 622 52,
2216 546 2327 608 121
2374 546 2702 619 contendit,

400 676 729 735 numquam
773 655 836 714 in
893 655 1139 735 apodosi
1186 658 1381 730 ,‚n0n“
1425 656 1531 716 sed
1577 657 1847 729 „nonne“
1892 656 2059 734 poni,
2115 677 2303 736 aeque
2353 663 2707 717 erraverunt

404 770 585 842 atque
653 761 967 833 HandiuS‚
1035 763 1140 844 qui
1203 764 1377 824 Turs.
1423 761 1537 837 IV,
1584 760 1708 822 313
1776 782 1978 824 eorum
2049 763 2404 824 sen-tentiam
2466 762 2702 841 probat.

400 870 908 932 Luculentissime
955 871 1112 932 enim
1164 892 1300 932 cum
1343 892 1417 932 ex
1462 871 1547 932 eis
1590 871 1905 951 exempliS,
1956 892 2115 951 quae
2156 872 2518 932 Kuehnerus
2562 870 2603 931 l.
2650 891 2701 931 c.

403 977 488 1051 ΙΙ,
518 998 576 1057 p.
606 977 770 1038 1112
812 978 1032 1053 attulit,
1078 987 1205 1039 tum
1252 1001 1326 1040 ex
1371 987 1575 1041 nostro
1620 979 1769 1053 loco,
1815 1000 1934 1059 quo
1979 978 2209 1040 codices
2253 978 2404 1038 miro
2439 978 2702 1058 quodam

406 1106 699 1147 consensu
743 1089 955 1160 ,‚n0n“
1000 1086 1310 1162 exhibent,
1379 1087 1791 1165 confirmat-ur,
1850 1107 2013 1160 „non
2028 1088 2061 1115 “
2116 1087 2321 1148 eodem
2358 1088 2519 1168 jure,
2581 1107 2703 1166 quo

401 1197 673 1268 „nonne“
718 1195 919 1256 sedem
965 1195 1188 1257 habere
1232 1196 1294 1255 in
1344 1195 1594 1277 apodosi
1630 1196 1707 1257 cf.
1749 1194 1974 1275 Reisig.
2018 1194 2058 1256 l.
2083 1216 2133 1257 c.
2162 1192 2347 1274 §275
2394 1194 2529 1256 adn.
2554 1194 2702 1256 437.

1502 1345 1590 1406 ΙΙ.

399 1467 1066 1555 Subsequentibus
1135 1468 1326 1540 locis
1383 1467 1820 1555 indignatio
1875 1467 2250 1555 quaedam
2307 1483 2699 1552 expressa.

400 1611 511 1663 sat.
557 1602 607 1663 I.
656 1599 752 1675 10,
798 1600 1055 1662 52—54

1622 1689 1772 1769 Age,
1818 1710 2058 1768 quaeso,

482 1797 576 1857 Tu
619 1796 772 1856 nihil
815 1795 877 1856 in
927 1817 1147 1876 magno
1194 1797 1407 1858 doctus
1450 1797 1830 1876 reprehendis
1876 1797 2188 1860 Homero?

480 1904 590 1965 Nil
635 1904 819 1965 comis
858 1903 1074 1984 tragici
1116 1913 1317 1965 mutat
1357 1903 1634 1965 Lucilius
1678 1906 1834 1980 Atti,

478 2013 620 2074 Non
662 2012 830 2074 videt
871 2033 1082 2075 versus
1127 2013 1292 2073 Enni
1334 2013 1635 2094 gravitate
1683 2014 1985 2077 minores?

397 2150 510 2202 sat.
551 2141 637 2215 II,
685 2139 745 2215 2,
795 2137 915 2201 102

1619 2229 1803 2308 Erg0‚

481 2331 664 2409 Quod
706 2341 966 2412 superat,
1011 2354 1133 2395 non
1177 2343 1269 2396 est
1310 2334 1524 2396 melius
1569 2358 1689 2416 quo
1733 2337 2033 2399 insumere
2076 2338 2314 2418 possis?

395 2450 507 2503 sat.
552 2441 636 2516 ΙΙ,
686 2442 740 2514 7,
786 2439 869 2503 56

479 2658 878 2738 Romanoque
923 2658 1155 2734 habitu,
1200 2661 1402 2740 prodis
1449 2682 1524 2723 ex
1554 2661 1759 2743 judice
1797 2662 2002 2721 Dama

477 2767 1226 2846 Turpis,..........:

476 2875 619 2936 Non
665 2895 726 2937 es
769 2874 931 2955 quod
980 2874 1277 2937 simulas?
1307 2874 1346 2954 ¹)

597 3082 640 3151 1)
681 3082 768 3136 Sic
802 3098 921 3136 cum
942 3082 1211 3151 Kruegero
1228 3082 1574 3152 plurimisque
1611 3082 1902 3137 editoribus
1938 3082 2223 3151 distinguo.
2296 3083 2447 3137 Unus
2468 3081 2698 3135 Doeder-

389 3173 551 3226 linius
587 3173 639 3225 in
677 3172 907 3226 editione
946 3173 1093 3225 satir.
1132 3174 1312 3240 (1860)
1350 3175 1472 3241 post
1511 3173 1794 3240 „simulas“
1830 3189 2035 3227 comma
2067 3174 2248 3241 posuit
2284 3176 2339 3227 et
2371 3173 2501 3227 haec
2538 3172 2697 3226 verba

395 3261 463 3316 ad
499 3262 737 3330 protasin
773 3263 1140 3317 adnumeravit
1175 3265 1272 3328 ita,
1304 3267 1367 3318 ut
1402 3281 1435 3319 a
1468 3264 1810 3333 praecedente
1849 3266 2030 3331 „cum“
2065 3263 2353 3332 penderent
2378 3267 2433 3318 et
2452 3262 2699 3332 apodosis

388 3370 422 3407 a
467 3355 707 3407 metuens
768 3352 1060 3407 induceris“
1116 3354 1385 3423 inciperet.
1456 3354 1623 3423 Cujus
1675 3354 2004 3409 distintionis
2058 3371 2273 3409 causam
2334 3355 2490 3409 affert
2538 3354 2698 3408 hanc:

397 3443 672 3497 wachrend
707 3444 890 3498 Davus
927 3460 1063 3512 ganz
1100 3445 1331 3499 harmlos
1366 3446 1631 3514 geniesst‚
1684 3444 1905 3514 beginnt
1954 3444 2036 3499 die
2079 3444 2258 3500 freude
2304 3445 2396 3499 des
2450 3444 2700 3499 moechus

388 3534 488 3587 mit
537 3534 928 3602 schimpflicher
985 3533 1329 3603 vcrkleidung
1380 3534 1486 3588 und
1528 3534 1815 3600 heuchelei,
1866 3535 2127 3589 verlaeuft
2179 3538 2333 3590 unter
2382 3537 2542 3604 angst
2591 3534 2699 3587 und

389 3625 583 3679 zittern
611 3624 718 3677 und
753 3625 948 3678 nimmt
986 3626 1072 3679 ein
1121 3625 1250 3680 ende
1286 3627 1386 3679 mit
1429 3625 1756 3680 schrecken.“
1831 3625 1933 3680 Sed
1962 3642 2121 3695 quam
2159 3642 2397 3694 perverse
2436 3629 2490 3681 et
2524 3625 2698 3679 infeli-

390 3716 523 3770 citer
561 3715 748 3771 fecerit
783 3715 870 3768 vix
899 3715 1068 3770 dicere
1106 3732 1239 3785 opus
1278 3718 1377 3770 est.
1447 3715 1587 3770 Nam
1621 3716 1845 3784 probata
1862 3715 2186 3770 Doederlinii
2221 3717 2425 3770 ratione
2469 3731 2531 3769 ea
2563 3716 2697 3783 ipsa,

390 3807 445 3860 in
472 3805 663 3875 quibus
701 3806 874 3860 totius
927 3806 1003 3859 rei
1040 3806 1195 3860 cardo
1240 3806 1495 3872 vertitur,
1545 3823 1759 3875 prorsus
1802 3807 2083 3861 tolluntur.
2152 3807 2389 3875 Apparet
2444 3806 2582 3860 enim
2637 3822 2697 3860 ex

394 3897 666 3951 universae
699 3897 896 3950 satirae
932 3896 1152 3963 ratione,
1188 3912 1396 3950 servum
1418 3897 1629 3952 Horatii
1663 3896 1718 3950 id
1742 3897 1914 3965 ipsum
1940 3897 2144 3951 efficere
2177 3897 2406 3963 studere,
2436 3897 2696 3952 neminem

315 4047 325 4058 ⁰
389 3987 613 4041 liberum
650 3987 756 4040 nisi
793 3987 1084 4054 sapientem
1121 4003 1233 4042 esse
1268 4003 1332 4041 ac
1373 4004 1528 4055 saepe
1574 3987 1814 4041 dominos
1846 3989 2017 4057 magis
2051 3987 2300 4042 libertate
2340 3991 2394 4043 et
2433 3988 2698 4056 sapientia

389 4094 577 4144 carere,
615 4094 771 4146 quam
809 4094 1001 4131 servos
1064 4077 1204 4132 Nam
1242 4078 1289 4131 si
1323 4078 1523 4132 domini
1557 4077 1625 4132 ad
1665 4095 1778 4133 eam
1797 4078 2208 4146 imprudentiam
2239 4077 2694 4147 progrederentur,

385 4170 450 4221 ut
499 4167 664 4222 etiam
700 4167 935 4237 insignia
993 4168 1192 4222 ordinis
1246 4168 1565 4237 deponerent
1627 4170 1682 4223 et
1734 4167 1803 4222 ad
1865 4167 2114 4223 fruendas
2165 4166 2417 4223 libidines
2472 4168 2696 4222 illicitas

387 4257 673 4325 irreperent
719 4258 999 4314 servilibus
1051 4257 1292 4314 vestibus
1342 4259 1533 4325 induti,
1600 4274 1689 4313 eos
1726 4258 1900 4312 multo
1945 4258 2119 4327 magis
2162 4274 2344 4312 revera
2389 4275 2486 4327 pro
2513 4258 2696 4314 -servis

386 4346 656 4403 habendos
693 4366 806 4404 esse
842 4349 1196 4421 libertateque
1226 4366 1350 4405 vera
1386 4367 1578 4417 carere,
1630 4365 1788 4419 quam
1826 4349 1920 4419 qui
1961 4365 2133 4404 rerum
2165 4348 2486 4404 necessitate
2520 4348 2695 4403 coacti

385 4452 651 4495 servorum
687 4440 897 4513 quidem
936 4440 1239 4499 muneribus
1277 4440 1636 4515 fungerentur,
1679 4439 1770 4496 sed
1807 4438 2216 4510 sapientioribus
2272 4443 2450 4495 essent
2486 4439 2691 4496 animis.
