3125 4900
1274 370 1711 431 ...ῧὸ-

339 545 453 599 sat.
497 537 584 615 ΙΙ,
631 537 688 615 6,
720 537 806 600 44

750 648 929 708 Hora
975 657 1160 728 quota
1202 651 1334 712 est?
1378 650 1619 713 Thraex
1662 661 1754 714 est
1778 701 1792 715 .
1832 701 1847 716 .
1883 701 1897 717 .
1943 653 2097 736 Syro
2139 658 2297 736 par?

338 774 514 854 epist.
558 774 610 852 Ι,
658 773 758 853 10,
806 776 1058 840 15-20

434 883 552 945 Est
591 883 699 945 ubi
740 884 879 966 plus
938 895 1185 967 tepeant
1228 887 1418 949 himes
1423 933 1644 963 .....

427 992 546 1053 Est
583 992 690 1054 ubi
729 993 982 1057 divellat
1020 1015 1258 1056 somnos
1306 996 1507 1057 minus
1549 995 1762 1059 invida
1804 999 1995 1058 cura?

429 1099 708 1160 Deterius
748 1100 998 1181 Libycis
1042 1101 1166 1163 olet
1208 1110 1316 1164 aut
1351 1103 1506 1164 nitet
1545 1102 1735 1165 herba
1776 1101 2055 1182 lapillis?

431 1206 647 1268 Purior
688 1208 753 1268 in
792 1208 940 1271 vicis
988 1230 1148 1289 aqua
1189 1210 1385 1272 tendit
1419 1231 1695 1290 rumpere
1734 1209 2098 1291 plumbum?

345 1335 518 1415 epist.
562 1338 650 1414 H,
693 1338 750 1416 1,
795 1337 923 1401 206

433 1444 613 1507 Dixit
654 1446 853 1508 adhuc
897 1446 1171 1527 aliquid?
1257 1447 1366 1507 Nil
1410 1468 1574 1510 sane.

349 1571 519 1650 epist.
570 1572 657 1649 H,
704 1572 764 1650 3,
810 1571 955 1636 205.

435 1679 790 1760 Spectatum
834 1681 1083 1744 admissi
1122 1682 1309 1745 risum
1351 1682 1628 1758 teneatis,
1677 1682 1900 1744 amici?

1479 1854 1536 1919 b.

353 1975 436 2038 In
477 1975 948 2064 subsequentibus
999 1983 1283 2068 ememplis
1324 1983 1378 2045 is
1421 1983 1527 2067 qui
1567 1981 1892 2044 sciscitatur
1938 1978 2232 2064 postulat,
2293 1987 2359 2040 ut
2399 1978 2467 2040 id
2502 1977 2663 2063 quod

829 2088 1282 2174 interroqatione
1325 2110 1667 2175 expressum
1710 2098 1810 2169 est,
1836 2087 2175 2172 probemus,

357 2226 471 2280 sat.
510 2219 597 2296 ΙΙ,
638 2218 698 2297 2,
746 2220 830 2282 94

444 2327 578 2389 Das
615 2327 847 2408 aliquid
890 2329 1132 2392 famae?

360 2465 476 2520 sat.
515 2459 603 2535 Π,
646 2459 706 2536 3,
756 2460 838 2522 78

1587 2543 1793 2620 Μοᾶο,
1837 2544 2104 2624 inquam,

452 2653 721 2715 Hellade
759 2674 1042 2734 percussa
1085 2652 1320 2715 Marius
1369 2674 1505 2714 cum
1549 2652 1913 2732 praecipitat
1955 2671 2037 2726 se,

450 2761 716 2824 Cerritus
755 2762 917 2823 fuit?

364 2891 536 2973 epist.
580 2892 632 2968 Ι,
677 2891 735 2969 6,
778 2890 863 2953 29
1412 2966 1421 2972 .

773 2999 890 3062 Vis
931 3006 1089 3060 recte
1130 2997 1333 3060 vivere
1375 2992 1536 3076 (quis
1581 3016 1703 3055 non
1719 2992 1802 3075 ?):
1829 2993 1906 3072 (ἲ)

454 3109 520 3172 Si
562 3109 754 3172 virtus
796 3108 912 3168 hoc
953 3127 1078 3169 una
1120 3113 1321 3186 potest
1363 3104 1508 3166 dare
1510 3150 1735 3182 .....

456 3218 600 3279 Hoc
644 3237 754 3297 age
787 3262 801 3277 .
841 3263 856 3278 .
895 3263 910 3278 .

368 3348 543 3430 epist.
588 3347 641 3424 Ι,
689 3345 788 3422 19,
833 3344 916 3405 35

457 3455 622 3516 Scire
662 3452 833 3529 velis,
874 3472 1009 3512 mea
1051 3470 1159 3512 cur
1202 3450 1479 3530 ingratus
1525 3446 1820 3527 opuscula
1861 3446 2048 3507 lector

455 3562 699 3624 Laudet
742 3568 1017 3640 ametque
1060 3558 1241 3635 domi,
1286 3565 1523 3638 premat
1565 3564 1740 3617 extra
1782 3556 1967 3616 limen
2000 3554 2279 3634 iniquus:
2307 3552 2379 3633 (?)

459 3672 602 3734 Non
647 3691 754 3751 ego
792 3713 1225 3732 .........
1269 3666 1498 3747 dignor.

1503 3857 1560 3902 0·

483 3969 841 4034 Adlzoriatio
883 3966 1187 4052 quaedam·
1217 3963 1470 4027 secunda
1504 3983 1764 4049 persona
1804 3959 2111 4022 indicativi
2147 3958 2475 4045 praesentis
2515 3957 2581 4018 in

817 4075 1274 4160 interroyatione
1311 4073 1512 4159 posita
1549 4072 1906 4158 exprimitur
1948 4068 2040 4130 his
2085 4067 2241 4131 locis.

377 4212 549 4294 epod.
597 4211 656 4289 9,
698 4209 778 4270 21

462 4323 545 4385 Jo
590 4318 911 4399 triumphe,
957 4326 1024 4379 tu
1070 4314 1324 4377 moraris
1369 4334 1582 4375 aureos

787 4426 1015 4488 Currus
1053 4432 1115 4486 et
1157 4424 1417 4486 intactas
1464 4421 1693 4485 boves?
1738 4417 1848 4502 (ε
1891 4418 2017 4479 noli
2061 4414 2311 4495 morari)

2216 4533 2280 4584 4*
