3125 4900
1412 386 1667 456 -·38
1753 428 1835 439 -

689 562 1062 625 Particulam
1113 564 1263 638 „ne“
1311 565 1463 625 miro
1521 565 1783 644 quodam
1838 563 2015 625 modo
2064 564 2179 625 hoc
2232 564 2364 625 loco
2416 571 2770 643 usurpatam

480 689 609 731 esse
622 715 638 747 ,
682 667 1031 751 Kruegerus
1089 680 1246 733 recte
1298 672 1539 751 quidem
1602 673 2028 736 animadvertit
2075 672 2161 750 (in
2205 673 2345 734 edit.
2382 671 2603 753 epist.),
2666 671 2771 732 sed

488 798 612 839 rem
657 777 997 841 distinctius
1037 800 1156 840 non
1197 778 1569 859 explanavit.
1656 780 1871 860 Itaque
1919 780 2069 840 mihi
2119 780 2299 841 liceat
2338 780 2547 859 paucis
2592 778 2773 841 adno-

480 894 635 960 tare,
699 885 1061 966 particulam
1124 886 1274 961 ,‚ne“
1340 886 1589 948 arbitrio
1644 887 1907 967 quodam
1959 888 2021 947 in
2084 886 2463 948 conclusione
2513 886 2770 965 positam

478 1013 622 1067 esse,
666 994 772 1057 ubi
805 993 1166 1075 particulam
1211 994 1443 1056 nullam
1488 1003 1985 1075 exspectaremus,

1597 1144 1653 1207 b.

683 1272 967 1352 Sequitur
1002 1280 1073 1335 ut
1114 1294 1212 1334 eos
1243 1272 1405 1335 locos
1444 1274 1709 1347 afferam,
1753 1272 1971 1353 quibus
2008 1273 2319 1335 absolutus
2355 1272 2770 1354 conjunctivus

475 1377 537 1438 in
602 1379 1169 1460 interrogationibus
1242 1380 1480 1443 directis
1557 1402 1691 1442 cum
1756 1381 2169 1460 indignatione
2240 1380 2491 1461 prolatis
2555 1389 2769 1443 exstat.

475 1484 615 1562 Quo
673 1487 1081 1568 interrogandi
1122 1509 1335 1568 genere
1394 1489 1471 1564 is,
1537 1489 1642 1570 qui
1705 1488 1985 1569 loquitur,
2045 1488 2258 1551 leviter
2318 1487 2638 1567 significat,
2707 1509 2771 1551 se

482 1593 791 1674 suspicari,
837 1594 1093 1656 alterum
1138 1616 1176 1657 a
1214 1617 1277 1658 se
1321 1596 1555 1677 aliquid
1598 1596 1790 1676 iniqui
1827 1595 2157 1676 postulare,
2201 1616 2378 1676 quam
2418 1595 2772 1676 postulatio-

474 1723 612 1764 nem
654 1702 1075 1783 interrogando
1116 1703 1358 1766 refutat.
1443 1704 1757 1766 Particula
1798 1714 1996 1766 autem
2041 1704 2189 1780 „ne“
2241 1703 2465 1778 addita,
2510 1724 2664 1784 quae
2704 1703 2767 1764 in

482 1809 774 1891 ejusmodi
834 1811 1398 1891 interrogationibus
1454 1812 1804 1894 plerumque
1857 1811 2307 1893 pronominibus
2351 1811 2769 1891 personalibus

487 1917 755 1998 affigitur
797 1917 897 1997 (cf.
928 1919 1142 1980 Krazii
1186 1919 1542 2001 opusculum
1584 1920 1770 2001 paulo
1814 1920 1977 1981 infra
2018 1928 2539 1982 commemoratum
2574 1940 2634 2000 p.
2663 1917 2768 1998 26)

478 2047 614 2088 cum
660 2025 994 2089 subtilitate
1036 2027 1300 2107 quadam
1342 2028 1670 2103 indicatur,
1717 2049 1849 2090 eum
1862 2076 1876 2102 ,
1923 2028 2028 2109 qui
2069 2027 2431 2099 sciscitatur,
2476 2027 2539 2087 in
2583 2026 2767 2089 dubio

474 2155 626 2210 esse,
685 2143 886 2196 utrum
945 2155 1041 2208 ea,
1094 2156 1250 2216 quae
1307 2136 1666 2216 suspicetur,
1727 2144 1882 2197 recte
1928 2156 1990 2197 se
2030 2135 2296 2196 habeant
2336 2155 2536 2196 necne.
2626 2135 2770 2212 Qua

477 2243 553 2305 de
610 2264 674 2304 re
732 2242 1178 2305 accuratissime
1240 2243 1702 2323 disputaverunt
1742 2244 2006 2305 Krazius
2067 2244 2200 2319 „die
2250 2250 2616 2323 sogenannte
2658 2263 2767 2302 un-

474 2350 695 2431 willige
743 2350 884 2412 oder
926 2350 1400 2430 missbilligende
1433 2351 1605 2431 frage
1647 2351 1760 2412 mit
1800 2352 1933 2412 dem
1979 2351 2338 2431 conjunctiv‚
2379 2350 2491 2412 mit
2531 2359 2600 2411 ut
2642 2350 2767 2410 und

473 2458 608 2521 dem
665 2459 1034 2540 conjunctiv‚
1092 2459 1204 2520 mit
1260 2460 1394 2521 dem
1458 2461 1767 2523 accusativ
1821 2460 1947 2521 und
2001 2460 2261 2523 infinitiv
2306 2459 2520 2539 (progr.
2564 2480 2765 2539 gymn.

473 2568 789 2648 Stuttgart.
839 2564 1028 2639 1862,
1075 2587 1136 2646 p.
1180 2564 1523 2645 21—26);
1568 2567 1932 2629 Kuehnerus
1972 2567 2067 2642 H,
2125 2588 2185 2646 p.
2233 2564 2398 2626 1006
2452 2574 2511 2627 et
2564 2563 2764 2638 10073

471 2675 572 2755 (cf.
619 2675 800 2736 etiam
845 2673 1226 2751 Muellerum,
1272 2674 1453 2736 ueber
1481 2674 1579 2735 die
1611 2684 2018 2756 sogenannten
2047 2673 2390 2753 unwilligen
2425 2672 2569 2733 oder
2594 2672 2766 2733 miss·

472 2782 839 2863 billigenden
877 2781 1088 2862 fragen
1125 2782 1208 2841 im
1252 2781 1643 2843 lateinischen
1656 2805 1670 2856 3
1728 2804 1924 2864 progr.
1966 2782 2197 2845 Gorlitz
2234 2780 2394 2843 187?
2437 2802 2497 2861 p.
2545 2779 2583 2840 6
2602 2815 2688 2822 --
2709 2780 2764 2853 7,

475 2889 661 2951 18-—
685 2888 812 2969 19);
865 2890 1204 2970 Draegerus
1248 2889 1289 2952 l.
1334 2911 1383 2952 c.
1441 2888 1501 2965 Ι,
1558 2912 1615 2970 p.
1662 2889 1820 2965 2793
1880 2891 2211 2964 Obbarius‚
2269 2891 2373 2951 der
2428 2889 2765 2951 affectvolle

475 2998 692 3060 ausruf
727 2998 853 3059 und
896 2998 993 3059 die
1033 2997 1205 3078 frage
1247 2998 1353 3058 der
1395 2998 1866 3079 verwunderung
1917 2999 2058 3060 oder
2105 2998 2258 3060 auch
2303 2999 2406 3059 des
2449 2996 2764 3059 unwillens

471 3105 566 3168 bei
611 3106 839 3181 Horaz,
883 3105 1222 3186 philologus
1262 3113 1403 3167 tom.
1447 3104 1531 3166 25
1578 3105 1800 3185 (1867)
1843 3128 1902 3186 p.
1947 3106 2091 3168 544.

471 3222 582 3276 sat.
626 3214 676 3289 Ι,
716 3212 813 3288 10,
857 3213 937 3274 78

557 3322 703 3383 Men
742 3329 983 3383 moveat
1025 3320 1219 3382 cimex
1263 3320 1584 3395 Pantilius,
1630 3331 1736 3383 aut
1778 3321 2001 3383 cruciet
2046 3322 2205 3400 quod

556 3429 821 3492 Vellicet
863 3427 1174 3491 absentem
1216 3428 1604 3491 Demetrius?

471 3537 642 3619 epist.
686 3536 771 3612 Π,
818 3536 874 3611 3,
917 3534 1043 3596 265

555 3646 699 3707 Non
745 3645 942 3725 quivis
987 3644 1153 3708 videt
1193 3643 1592 3705 immodulata
1631 3650 1912 3723 poemata
1944 3641 2152 3722 judex,

555 3754 643 3815 Et
681 3754 829 3815 data
866 3752 1158 3814 Romanis
1202 3752 1381 3816 venia
1423 3760 1515 3814 est
1554 3751 1808 3832 indigna
1846 3751 2053 3832 poetis,

555 3860 864 3923 Idcircone
898 3881 1084 3942 vager
1128 3859 1504 3941 scribamque
1542 3858 1831 3921 licenter?

1584 4028 1641 4073 0.

671 4119 813 4182 Uno
878 4115 1010 4179 loco
1070 4118 1134 4178 in
1211 4116 1504 4198 ejusmodi
1578 4115 2143 4198 interrogationibus
2205 4112 2653 4195 conjunctivum
2719 4132 2756 4173 a

471 4225 773 4306 particula
821 4225 963 4303 ‚‚ut“
1012 4224 1365 4306 pendentem
1410 4224 1767 4299 invenimuS,
1812 4244 1934 4303 qua
1978 4230 2277 4285 structura
2319 4222 2371 4282 is
2414 4221 2518 4301 qui
2559 4220 2757 4282 scisci-

468 4341 634 4396 tatur
673 4333 736 4394 id
751 4378 768 4411 ‚
830 4333 990 4414 quod
1035 4333 1187 4394 alter
1230 4352 1440 4395 revera
1495 4331 1700 4414 inique
1744 4330 2102 4412 postulavit,
2163 4329 2443 4392 acerrime
2502 4328 2754 4408 repellit.

467 4441 844 4522 Cogitatione
879 4442 1062 4522 igitur
1105 4441 1414 4523 aptissime
1455 4449 1653 4523 potest
1704 4439 1967 4522 suppleri
2028 4436 2432 4519 ‚‚Postularine
2479 4436 2750 4517 potest?“
