3125 4900
389 563 508 624 obl.
564 562 626 622 in
682 561 1129 636 „Studemunds
1195 561 1432 622 studien
1486 560 1547 633 Ι,
1599 568 1743 620 tom.
1794 559 1853 633 Ι,
1904 581 1945 639 p
1997 558 2119 619 115
2165 560 2357 638 sqq.“)
2413 580 2690 620 nonnun-

394 691 576 749 quam
618 668 928 749 Vergilius
974 665 1159 747 (Aen.
1206 667 1262 741 6,
1304 665 1458 740 78ος
1506 666 1692 745 eclog.
1737 666 1796 740 4,
1840 665 1923 727 52
1959 675 2019 727 et
2063 666 2164 741 57,
2208 686 2358 747 quos
2408 667 2487 727 ad
2529 666 2693 728 locos

389 778 465 839 cf.
511 778 882 857 Wagnerum
927 776 990 836 in
1035 776 1174 837 edit.
1218 776 1426 855 Verg.)
1465 783 1646 854 atque
1705 775 1886 835 etiam
1933 766 2233 836 Horatius
2295 772 2495 856 (epist.
2539 775 2590 849 Ι,
2637 775 2692 850 7,

390 885 501 958 39;
555 886 727 969 epist.
771 885 832 956 Ι,
879 884 984 957 17,
1033 884 1099 957 3;
1161 883 1332 962 epist.
1376 883 1437 957 Ι,
1493 883 1599 958 17,
1659 883 1763 958 26)
1821 883 1884 943 in
1925 883 2175 962 obliqua
2227 883 2694 963 interrogatione

388 1002 528 1073 post
563 993 688 1067 ‚,si“
725 995 968 1053 notione
1013 990 1164 1065 „ob“
1220 990 1484 1070 positum
1535 999 1792 1070 usurpat
1841 990 2271 1066 indicativum,
2322 1000 2526 1052 tamen
2585 990 2694 1051 illa

390 1109 693 1162 structura
735 1100 927 1161 multo
970 1099 1164 1160 rarius
1217 1098 1522 1160 invenitur
1580 1119 1776 1177 neque
1817 1099 1948 1159 ulla
1999 1107 2091 1161 est
2139 1119 2355 1172 causa,
2415 1119 2523 1160 cur
2579 1099 2695 1159 hoc

387 1208 521 1271 loco
555 1208 618 1268 in
663 1208 918 1269 lectione
960 1207 1185 1267 tradita
1223 1227 1344 1266 non
1382 1206 1833 1286 acquiescamus
1878 1206 1976 1284 (cf.
2018 1207 2198 1268 etiam
2227 1206 2570 1268 Bentleium
2616 1206 2693 1268 ad

387 1316 444 1376 h.
490 1316 549 1390 1.,
594 1317 699 1396 qui
740 1315 972 1396 egregie
1027 1315 1101 1377 de
1142 1315 1259 1376 hac
1303 1336 1371 1376 re
1414 1313 1726 1394 disputat).
1817 1314 2023 1394 Atque
2080 1335 2216 1374 cum
2260 1314 2580 1378 Nauckius
2638 1336 2692 1376 a.

391 1425 449 1486 h.
488 1424 529 1486 l.
566 1424 713 1485 dicit
744 1424 886 1498 „der
905 1424 1249 1504 conjunctiv
1273 1444 1462 1484 waere
1486 1421 2177 1502 verstandesmaessiger‚
2222 1423 2410 1485 daher
2441 1424 2696 1503 weniger

392 1553 470 1593 an
532 1532 724 1593 seiner
783 1532 989 1594 stelle“
1049 1531 1198 1591 mihi
1245 1530 1484 1611 quidem
1545 1550 1899 1610 persuasum
1962 1539 2085 1604 est,
2150 1531 2201 1590 si
2264 1531 2377 1591 tali
2434 1531 2693 1606 licentia,

389 1639 557 1719 quali
597 1638 914 1700 Nauckius
933 1688 948 1714 ,
1013 1640 1102 1700 uti
1144 1639 1371 1713 liceret,
1426 1639 1558 1719 jam
1622 1638 1686 1698 in
1742 1638 2207 1718 interpretandis
2269 1648 2450 1719 atque
2504 1659 2696 1700 emen-

391 1747 608 1808 dandis
673 1747 873 1810 verbis
941 1756 1255 1809 auctorum
1321 1756 1545 1808 certam
1626 1768 1697 1807 ac
1768 1746 1955 1807 firmis
2012 1746 2421 1818 fundamentis
2486 1748 2697 1807 nixam

392 1856 683 1917 rationem
733 1856 974 1917 omnino
1017 1877 1139 1917 non
1181 1856 1437 1935 relinqui
1478 1863 1658 1934 atque
1700 1855 1970 1916 codicum
2010 1856 2427 1921 auctoritatem
2452 1876 2696 1936 prorsus

387 1962 728 2042 negandam
771 1983 900 2024 esse
945 1984 1017 2024 ac
1059 1963 1459 2043 rejiciendam.

598 2068 804 2150 Atque
879 2091 1115 2132 omnem
1187 2070 1723 2150 interrogationum
1798 2070 2301 2132 disiunctivarum
2382 2071 2697 2132 materiam

393 2176 683 2257 distingui
720 2178 782 2238 in
827 2178 979 2239 duas
1024 2188 1226 2258 partes
1267 2179 1800 2258 „interrogationes
1844 2181 2059 2241 verae“
2099 2187 2159 2239 et
2199 2199 2357 2252 „non
2400 2201 2580 2242 verae
2619 2180 2698 2241 i.“

395 2305 546 2364 opus
592 2306 712 2347 non
762 2307 893 2347 esse
934 2287 1242 2360 existimo,
1303 2307 1438 2347 cum
1499 2287 1602 2349 vix
1664 2287 1791 2348 fieri
1836 2287 2043 2366 possit,
2101 2294 2171 2347 ut
2237 2288 2413 2348 certis
2476 2287 2695 2348 finibus

388 2401 638 2473 uterque
682 2393 826 2455 ordo
885 2394 1441 2469 circumscribatur,
1499 2415 1632 2456 cum
1681 2415 1966 2476 persaepe
2020 2394 2185 2457 notio
2248 2395 2574 2475 quaerendi
2631 2395 2696 2456 in

387 2501 511 2563 vim
554 2502 873 2563 dubitandi
912 2503 1104 2565 abeat.

1515 2627 1568 2670 a.

897 2712 1237 2776 Particulae
1281 2714 1513 2797 utrique
1552 2714 1719 2797 parti
1759 2714 2181 2797 adjunyuntur.

400 2821 453 2894 1,
543 2828 728 2886 utrum
773 2823 1095 2904 (utrumne)
1140 2859 1215 2869 -
1266 2843 1356 2888 an.

389 2960 502 3014 sat.
546 2952 631 3026 ΙΙ,
677 2951 733 3026 3,
781 2952 903 3014 251

472 3059 604 3121 Nec
648 3061 967 3141 quicquam
1015 3063 1269 3137 differre,
1316 3070 1595 3123 utrumne
1636 3062 1698 3121 in
1745 3061 2016 3141 pulvere,
2059 3059 2271 3119 trimus

478 3169 678 3245 Quale
722 3169 906 3249 prius,
951 3171 1128 3232 ludas
1173 3193 1322 3251 opus
1369 3193 1447 3232 an
1491 3169 1818 3234 meretricis
1866 3188 2065 3229 amore

472 3277 779 3339 Sollicitus
819 3280 1033 3359 plores.

389 3394 500 3447 sat.
546 3387 630 3460 II,
680 3387 736 3462 6,
786 3387 864 3448 73

1612 3477 1954 3557 AgitamuS,
1997 3480 2277 3533 utrumne

472 3582 722 3644 Divitiis
766 3584 1037 3646 homines
1082 3606 1160 3646 an
1213 3586 1337 3647 sint
1376 3587 1602 3649 virtute
1646 3586 1826 3648 beati.

387 3691 558 3772 epist.
602 3694 687 3768 II,
734 3692 792 3767 2,
843 3693 964 3755 199

1613 3781 1746 3860 Ego
1789 3789 1990 3841 utrum

472 3888 647 3949 Nave
689 3887 850 3948 ferar
893 3909 1117 3968 magna
1161 3908 1238 3948 an
1282 3908 1500 3967 parva,
1555 3888 1717 3949 ferar
1759 3908 1916 3949 unus
1957 3895 2018 3947 et
2059 3884 2234 3945 idem.

592 3996 648 4055 E
712 3996 910 4057 verbis
985 3996 1183 4070 „ferar
1247 4017 1403 4056 unus
1472 4004 1532 4057 et
1590 3996 1783 4057 idem“
1841 4001 2121 4075 apparet,
2195 3989 2444 4052 Horatii
2502 3988 2691 4049 menti

388 4103 690 4164 notionem
739 4104 920 4184 „quid
964 4104 1179 4165 refert“
1224 4104 1320 4165 vel
1370 4105 1559 4178 „nihil
1615 4104 1832 4165 refert“
1879 4103 2262 4165 obversatam
2306 4118 2435 4159 esse
2479 4094 2569 4156 ita
2621 4103 2691 4155 ut

388 4211 499 4271 illa
560 4211 747 4274 verba
789 4233 821 4272 e
881 4212 1098 4292 quibus
1157 4212 1378 4291 pendet
1432 4212 1799 4275 disiunctiva
1852 4208 2239 4289 interrogatio
2259 4254 2273 4280 ‚
2330 4204 2690 4285 cogitatione

387 4319 725 4399 supplenda
777 4320 913 4381 sint.
1002 4320 1190 4381 Poeta
1247 4320 1430 4400 igitur
1481 4320 1729 4381 licentia
1786 4318 2052 4399 quadam
2111 4336 2256 4377 usus
2314 4314 2379 4374 in
2440 4312 2689 4392 apodosi

388 4449 461 4489 ea
502 4428 693 4490 verba
734 4430 966 4510 posuit,
1025 4428 1243 4509 quibus
1290 4449 1499 4503 causa,
1544 4449 1650 4489 cur
1687 4428 1840 4489 nihil
1884 4427 2131 4501 referat,
2194 4423 2456 4486 affertur.
2546 4420 2690 4498 Qua
