3125 4900
1337 380 1594 444 -10
1697 421 1789 464 --

397 551 568 633 epist.
615 552 665 627 Ι,
715 550 775 627 3,
822 552 900 614 12

1623 641 1955 704 Fidibusne
1997 644 2235 706 Latinis

483 744 802 805 Thebanos
844 755 1054 825 aptare
1098 748 1305 808 modos
1350 748 1551 810 studet
1596 750 1838 829 auspice
1882 751 2080 825 Musa,

485 852 588 913 An
633 853 864 933 tragica
906 854 1173 917 desaevit
1209 863 1268 916 et
1311 856 1682 937 ampullatur
1725 858 1786 917 in
1835 861 2000 920 arte?

403 959 573 1039 epist.
618 959 703 1033 ΙΙ,
748 960 801 1033 1,
848 961 927 1021 41

485 1069 651 1128 Inter
698 1088 846 1147 quos
891 1069 1234 1130 referendus
1278 1071 1435 1132 erit?
1482 1080 1789 1153 veteresne
1826 1082 2054 1153 poetaS,

490 1175 587 1235 An
629 1197 778 1255 quos
823 1186 883 1237 et
930 1198 1212 1256 praesens
1252 1187 1313 1240 et
1354 1188 1596 1258 postera
1638 1189 1885 1260 respuat
1929 1184 2133 1242 aetas?

600 1305 741 1365 Non
784 1306 902 1365 duo
962 1307 1066 1367 sed
1124 1307 1241 1368 tria
1288 1308 1559 1369 membra
1613 1309 1928 1389 particulis
1990 1312 2521 1384 „ne-an—-an“
2583 1309 2700 1369 dis-

395 1412 734 1491 junguntur
794 1413 908 1487 ita,
975 1423 1044 1475 ut
1098 1414 1148 1474 si
1202 1435 1388 1475 unum
1441 1416 1788 1493 affirmetur,
1843 1426 2033 1479 cetera
2099 1418 2370 1479 membra
2423 1416 2702 1497 neganda

410 1520 547 1593 sint,
586 1520 681 1580 his
725 1520 873 1581 locis

406 1628 575 1708 epod.
618 1629 672 1702 7,
723 1626 800 1687 13

492 1737 546 1797 F
548 1757 765 1796 urorne
819 1756 1027 1797 caecos
1075 1757 1152 1797 an
1196 1736 1357 1817 rapit
1413 1738 1505 1800 vis
1549 1737 1758 1814 acrior,

609 1844 712 1904 An
759 1843 987 1924 culpa?
1035 1864 1385 1923 responsum
1430 1845 1590 1907 date.

405 1951 574 2030 epist.
623 1953 673 2026 I,
724 1951 780 2025 3,
826 1951 864 2012 3

492 2058 805 2120 Thracane
848 2080 955 2121 vos
1004 2106 1614 2122 ...........

495 2166 598 2227 An
646 2166 806 2228 freta
846 2215 859 2228 .
905 2216 920 2230 .
961 2215 975 2229 .
1021 2215 1093 2229 ..
1129 2215 1381 2231 .....

499 2276 601 2336 An
644 2276 896 2357 pingues
944 2276 1134 2337 Asiae
1176 2276 1374 2357 campi
1418 2276 1719 2355 collesque
1761 2279 2107 2337 morantur?

1534 2425 1591 2488 b.

496 2533 570 2594 In
612 2533 819 2616 priore
859 2532 1264 2594 disiunctionis
1293 2541 1472 2616 parte
1514 2533 1932 2617 interroqativa
1971 2532 2273 2617 particula
2317 2533 2620 2596 omittitur.

410 2667 504 2726 od.
549 2665 669 2739 ΙΙΙ,
714 2665 772 2738 4,
819 2664 859 2725 5

496 2773 762 2847 Auditis,
808 2794 887 2834 an
928 2793 1022 2833 me
1063 2771 1222 2833 ludit
1265 2770 1544 2833 amabilis

491 2881 788 2943 Insania?

412 2989 584 3070 epod.
637 2988 734 3063 16,
782 2986 864 3048 23

500 3098 601 3160 Sic
645 3096 861 3177 placet,
908 3117 985 3157 an
1027 3094 1242 3156 melius
1285 3094 1419 3174 quis
1463 3093 1651 3154 habet
1693 3095 1984 3155 suadere?

411 3216 523 3268 sat.
570 3206 620 3279 Ι,
669 3204 724 3278 3,
770 3203 853 3263 22

502 3315 754 3393 Ignoras
794 3321 869 3387 te,
917 3334 994 3373 an
1040 3320 1109 3373 ut
1150 3312 1419 3391 ignotum
1465 3310 1610 3371 dare
1659 3309 1833 3371 nobis

496 3421 707 3484 Verba
749 3423 972 3501 putas?

620 3552 956 3613 Pronomen
983 3553 1263 3626 „uterne“
1288 3549 1796 3628 subsequentibus
1828 3549 2204 3612 disiunctivis
2239 3551 2520 3612 membris
2545 3572 2712 3631 prae-

415 3660 675 3721 mittitur
716 3669 777 3720 et
818 3660 882 3718 in
925 3680 1066 3720 suas
1110 3667 1312 3739 partes
1355 3657 1667 3721 dividutur
1710 3657 1773 3717 in

413 3775 524 3828 sat.
568 3767 654 3841 ΙΙ,
699 3766 757 3841 2,
806 3764 929 3828 108

1641 3873 1872 3935 Uterne

505 3981 608 4042 Ad
654 4002 829 4042 casus
874 3980 1090 4041 dubios
1136 3979 1282 4042 fidet
1326 3979 1441 4041 sibi
1487 3980 1748 4041 certius?
1794 3980 1892 4040 hic
1938 3980 2042 4060 qui

500 4088 784 4149 Pluribus
826 4087 1080 4149 assuerit
1124 4096 1381 4149 mentem
1419 4108 1752 4167 corpusque
1793 4087 2133 4168 superbum,

504 4200 605 4258 An
648 4197 751 4277 qui
777 4204 1089 4257 contentus
1125 4244 1140 4258 .
1186 4243 1200 4257 .
1246 4244 1259 4257 .
1309 4196 1576 4276 aptarit?

619 4326 695 4386 In
759 4325 1034 4406 exemplo
1096 4325 1493 4406 subsequente
1563 4325 1799 4387 Kelleri
1862 4333 1922 4385 et
1978 4322 2239 4385 Holderi
2302 4322 2616 4385 lectionem
2678 4344 2715 4384 a

415 4433 726 4513 Kruegero
768 4433 1046 4495 recedens
1091 4434 1359 4509 afferam·
