3125 4900
1382 341 1805 401 „17—

435 519 542 573 sat.
586 512 670 585 H,
719 511 772 585 1,
816 511 909 571 34>

1254 601 1483 679 Sequor
1525 599 1687 659 hunc
1727 600 2012 660 Lucanus
2061 621 2138 661 an
2169 601 2455 681 Appulus
2497 627 2734 688 anceps.

435 690 547 743 sat.
582 682 667 755 ΙΙ,
715 682 773 756 2,
816 683 895 743 31

521 789 705 852 Unde
747 791 957 851 datum
1005 792 1206 865 sentiS,
1251 792 1431 872 lupus
1477 792 1577 852 hic
1618 792 1933 854 Tiberinus
1979 815 2059 854 an
2104 794 2227 855 alto

521 897 755 977 Captus
792 900 958 960 hiet?

435 1014 546 1065 sat.
592 1005 676 1078 II,
723 1004 779 1079 3,
829 1006 949 1065 157

525 1113 692 1189 Quid
736 1114 932 1188 refert,
977 1116 1185 1176 morbo
1232 1137 1309 1175 an
1355 1115 1533 1176 furtis
1571 1136 1930 1195 pereamque
1970 1118 2242 1197 rapinis?

436 1228 546 1279 sat.
594 1220 677 1293 ΙΙ,
717 1220 775 1293 4,
821 1219 900 1281 10

519 1329 649 1389 Ede
692 1329 951 1391 hominis
996 1352 1231 1403 nomen,
1282 1330 1459 1390 simul
1506 1339 1581 1404 et,
1626 1331 1937 1391 Romanus
1986 1353 2062 1392 an
2108 1332 2341 1412 hospes

437 1445 548 1497 sat.
583 1437 668 1510 II,
718 1438 772 1510 7,
820 1438 902 1499 59

522 1545 687 1622 Quid
731 1546 911 1606 refert
950 1547 1044 1605 uri
1085 1547 1268 1626 virgis
1313 1546 1589 1625 ferroque
1624 1547 1826 1606 necari

522 1654 895 1715 Auctoratus
941 1675 1060 1727 eas,
1108 1676 1185 1715 an
1230 1655 1393 1733 turpi
1440 1653 1686 1714 clausus
1732 1654 1793 1713 in
1842 1657 2019 1715 arca?

635 1783 709 1842 In
757 1783 1155 1862 subsequente
1201 1784 1473 1862 exemplo
1519 1807 1555 1844 a
1594 1784 1894 1862 Kruegeri
1937 1783 2217 1862 opinione
2261 1783 2468 1843 recedo
2514 1793 2573 1844 et
2616 1784 2736 1845 edi-

431 1889 654 1949 tionem
716 1889 954 1969 epistul.
1020 1891 1238 1952 Horat.
1302 1891 1378 1951 ab
1443 1892 1713 1953 Obbario
1774 1901 1932 1950 anno
1998 1889 2160 1950 1837
2221 1890 2443 1950 editam
2504 1912 2734 1972 sequor,

430 1998 538 2076 qui
581 1998 792 2058 scribit

432 2104 590 2183 epist
632 2105 681 2177 Ι,
729 2103 869 2178 3,31

515 2212 715 2273 Debes
762 2196 875 2273 hoc
918 2213 1097 2273 etiam
1143 2205 1504 2285 rescribere,
1530 2212 1609 2272 sit
1650 2211 1766 2272 tibi
1812 2231 2004 2284 curae,

518 2320 805 2395 Quantae
849 2320 1183 2394 conveniat,
1230 2321 1564 2393 Munatius,
1616 2340 1693 2379 an
1736 2319 1898 2379 male
1942 2327 2106 2379 sarta

517 2427 735 2489 Gratia
776 2428 1176 2508 nequicquam
1216 2429 1335 2489 coit
1378 2437 1437 2490 et
1480 2428 1879 2489 rescinditur?

632 2558 795 2619 Nam
840 2580 975 2619 mea
1020 2559 1262 2639 quidem
1298 2559 1596 2620 sententia
1637 2559 1822 2620 verba
1865 2559 1982 2631 „sit
2026 2604 2335 2619 ......
2380 2558 2736 2618 Munatius“

431 2674 491 2726 et
513 2686 627 2739 „an
673 2713 972 2728 ......
998 2667 1392 2727 rescinditur“
1419 2666 1577 2726 inter
1612 2687 1673 2726 se
1697 2673 2098 2745 opponuntur,
2121 2673 2192 2725 ut
2212 2664 2740 2743 interrogationem

431 2773 891 2846 disiunctivam,
960 2795 1080 2835 non
1150 2775 1301 2834 duas
1373 2795 1444 2834 ac
1511 2796 1618 2853 per
1679 2795 1742 2834 se
1808 2782 2034 2838 stantes
2080 2773 2602 2851 interrogationes,
2671 2781 2742 2833 ut

430 2881 778 2960 Kruegerus
847 2880 1077 2954 voluit,
1147 2882 1427 2942 efficiant.
1556 2883 1796 2941 Docent
1873 2880 2029 2940 enim
2095 2879 2506 2958 grammatici,
2572 2878 2741 2940 velut

429 2990 789 3067 Draegerus‚
834 2989 972 3048 hist.
1031 2998 1185 3068 synt.
1228 2990 1312 3063 ΙΙ,
1341 3011 1400 3068 p.
1448 2987 1591 3062 458,
1654 2986 1951 3067 simplices
2011 2987 2503 3065 interrogationes
2555 3006 2740 3046 enun-

431 3096 676 3158 tiativas
737 3095 1015 3174 obliquas
1079 3117 1213 3156 cum
1278 3096 1460 3157 verbo
1535 3096 1920 3157 antecedente
1976 3094 2383 3173 interrogandi
2440 3093 2741 3173 particula

432 3205 661 3264 conecti
723 3224 962 3264 necesse
1026 3225 1169 3264 esse.
1261 3205 1435 3280 Quae
1489 3225 1625 3264 cum
1688 3205 1773 3263 ita
1844 3204 1966 3263 sint
1991 3251 2005 3276 ,
2068 3203 2118 3261 si
2166 3202 2436 3262 codicum
2490 3201 2739 3280 optimo-

436 3332 567 3370 rum
607 3311 921 3371 lectionem
972 3312 1122 3385 ‚,sit“
1168 3311 1488 3373 retinemus
1551 3311 1652 3388 (cf.
1698 3310 2012 3370 Kellerum
2033 3356 2046 3382 ‚
2094 3308 2231 3388 epil.
2294 3308 2423 3381 III,
2470 3330 2525 3387 p.
2588 3306 2736 3385 609)

434 3419 620 3480 verba
686 3418 803 3491 „sit
848 3465 1169 3480 ......
1234 3419 1586 3479 Munatius“
1656 3439 1764 3498 pro
1830 3417 2027 3497 priore
2093 3417 2508 3477 disiunctionis
2566 3426 2739 3496 parte

435 3526 715 3587 habenda
763 3535 917 3597 sunt,
957 3527 1179 3606 quippe
1222 3527 1284 3585 in
1330 3547 1451 3605 qua
1496 3526 1801 3605 particula
1846 3525 2252 3603 interrogandi
2296 3525 2490 3586 omitti
2532 3525 2738 3604 possit.

438 3635 533 3694 Ac
576 3656 713 3695 mea
753 3635 993 3713 quidem
1038 3634 1239 3713 opinio
1296 3634 1557 3695 Bentleii
1616 3643 1675 3694 et
1716 3654 1950 3706 eorum,
2008 3633 2110 3711 qui
2170 3653 2305 3693 eum
2350 3633 2537 3692 secuti
2579 3641 2737 3706 sunt,

436 3744 779 3822 conjectura
841 3749 1226 3802 sustentatur.
1314 3742 1476 3801 Nam
1522 3741 1616 3803 vir
1660 3741 2063 3814 doctissimus,
2111 3761 2244 3800 eum
2300 3749 2569 3819 putaret,
2612 3739 2740 3799 fieri

437 3871 557 3911 non
602 3871 810 3930 posse,
855 3859 923 3909 ut
965 3850 1026 3908 in
1081 3870 1205 3909 una
1265 3849 1593 3928 eademque
1656 3849 2054 3909 disiunctione
2113 3848 2360 3926 obliqua
2420 3846 2738 3908 verborum

436 3957 596 4017 modi
642 3959 796 4018 inter
840 3978 902 4017 se
944 3957 1279 4030 differrent,
1323 3957 1638 4017 lectionem
1689 3956 1815 4029 „si“
1862 3977 1897 4015 a
1939 3956 2149 4034 paucis
2205 3956 2376 4016 libris
2431 3976 2574 4016 mss
2618 3965 2737 4016 tra-

439 4064 627 4124 ditam
675 4064 736 4123 in
780 4072 1013 4125 textum
1045 4065 1266 4143 recepit
1298 4073 1358 4124 et
1401 4064 1514 4124 hoc
1558 4064 1735 4123 modo
1780 4063 2241 4123 disiunctionem
2286 4062 2543 4123 sustulit.
2614 4062 2740 4123 Illa

439 4181 640 4231 autem
694 4172 1007 4232 modorum
1063 4172 1325 4234 varietas
1390 4193 1509 4231 non
1567 4171 1848 4250 impedit,
1903 4171 2220 4249 quominus
2278 4168 2737 4231 disiunctionem

437 4279 818 4339 retineamus.
906 4278 1070 4339 Nam
1114 4279 1176 4338 in
1221 4280 1429 4340 eadem
1476 4279 1720 4358 periodo
1757 4276 1965 4339 modos
1993 4277 2194 4338 varios
2240 4297 2367 4336 esse
2397 4276 2738 4338 Schmidius

436 4387 478 4448 1.
526 4407 577 4449 c.
621 4397 681 4448 et
725 4386 1033 4449 Obbarius
1076 4387 1115 4447 1.
1161 4407 1211 4448 c.
1266 4407 1319 4448 a.
1365 4387 1423 4447 h.
1469 4386 1510 4447 l.
1573 4395 1633 4447 et
1672 4386 1988 4446 Dissenius
2051 4385 2129 4445 ad
2165 4382 2299 4444 Tib.
2343 4382 2479 4459 ΙΙΙ,
2535 4384 2599 4456 1,
2654 4383 2738 4445 20
