3125 4900
1357 314 1791 376 ...19-

510 486 802 567 Tarquini
847 487 1033 548 fascis
1076 486 1288 548 dubito
1336 507 1410 548 an
1458 486 1706 548 Catonis

812 594 1036 656 Nobile
1078 594 1284 656 letum.

422 703 595 783 epist.
644 703 694 777 Ι,
745 701 843 777 18,
892 700 1227 764 102-103

1648 786 2081 849 Percontabcre
2110 790 2337 863 doctos,

514 894 681 971 Quid
728 915 877 975 pure
917 894 1287 974 tranquillet,
1324 893 1516 959 honos
1563 914 1642 955 an
1690 894 1865 956 dulce
1906 896 2210 971 lucellum,

515 1003 619 1063 An
653 1012 943 1064 secretum
990 1003 1147 1065 inter

512 1110 837 1190 Reliquum
876 1119 984 1185 est,
1026 1119 1098 1172 ut
1134 1110 1208 1171 de
1251 1129 1372 1170 uno
1421 1108 1553 1171 loco
1599 1108 1889 1171 disseram

425 1249 538 1302 sat.
581 1240 667 1314 H,
711 1239 770 1315 3,
800 1238 929 1301 260

1242 1324 1395 1404 Agit
1428 1324 1534 1385 ubi
1580 1345 1800 1399 secum,
1843 1334 1944 1387 eat
1987 1347 2064 1386 an
2109 1347 2248 1401 non,

424 1475 543 1535 quo
587 1454 779 1517 altera
820 1453 1236 1515 disiunctionis
1297 1469 1439 1534 pars
1484 1473 1606 1513 non
1671 1454 1985 1516 enuntiato
2054 1455 2411 1535 exprimitur
2467 1458 2573 1519 sed
2629 1480 2729 1521 ne-

423 1564 666 1644 gatione
718 1564 918 1643 posita
976 1563 1159 1642 priori
1219 1562 1555 1642 opponitur.
1653 1561 1807 1622 Cum
1866 1570 2065 1622 autem
2116 1563 2179 1622 in
2238 1565 2536 1644 pendente
2593 1588 2727 1629 sen-

419 1672 611 1733 tentia
651 1671 1003 1752 plerumque
1029 1691 1147 1731 non
1179 1690 1297 1745 „an
1339 1671 1500 1730 non“
1533 1670 1640 1730 sed
1675 1672 1936 1743 „necne“
1964 1679 2158 1732 exstet
2183 1669 2280 1747 (cf.
2312 1672 2725 1751 Kuehnerum,

418 1777 462 1840 l.
507 1799 558 1840 c.
600 1778 684 1853 H,
726 1800 786 1859 p.
835 1776 999 1839 1013
1058 1787 1118 1839 et
1158 1778 1547 1858 Draegerum‚
1593 1777 1635 1839 l.
1675 1798 1725 1839 c.
1771 1777 1856 1851 H,
1896 1798 1955 1857 p.
1989 1777 2157 1855 466),
2202 1779 2301 1841 hic
2342 1780 2542 1857 locus,
2606 1806 2725 1864 quo

420 1906 537 1961 „an
580 1888 741 1947 non“
776 1886 840 1946 in
873 1886 1338 1965 interrogatione
1371 1885 1625 1965 obliqua
1663 1885 1925 1965 positum
1969 1896 2061 1947 est
2104 1886 2182 1948 ab
2224 1888 2450 1950 usitato
2490 1889 2725 1953 dicendi
2845 1933 2855 1944 -

418 2014 637 2074 genere
691 1994 927 2056 recedit.
1029 1993 1150 2056 Sed
1214 1994 1377 2074 apud
1455 1993 1607 2053 alios
1665 2013 1902 2073 quoque
1954 2002 2136 2074 atque
2197 1996 2379 2058 etiam
2439 1997 2722 2062 classicos

427 2101 746 2182 scriptores
790 2122 908 2177 „an
949 2104 1111 2163 non“
1152 2101 1216 2161 in
1255 2100 1825 2181 interrogationibus
1868 2100 2129 2182 obliquis
2169 2102 2487 2170 invenitur.

416 2249 479 2313 2.
524 2269 740 2313 —ne.

622 2378 796 2454 „Ne“
839 2377 905 2438 in
947 2377 1275 2460 posteriore
1315 2377 1734 2440 disiunctionis
1777 2377 2045 2440 membro
2084 2379 2389 2461 particula
2427 2381 2491 2442 in
2529 2381 2725 2464 priore
2843 2415 2847 2419 ⁴

417 2495 594 2568 parte
632 2487 856 2549 omissa
894 2487 1157 2567 ponitur,
1203 2486 1256 2548 si
1293 2507 1369 2548 ex
1407 2487 1492 2548 eis
1536 2487 1754 2561 verbis,
1794 2508 1951 2568 quae
1985 2487 2428 2569 disjunguntur,
2462 2492 2724 2554 dilucide

421 2604 693 2676 apparet,
735 2595 989 2657 alterum
1019 2595 1164 2675 poni
1190 2616 1312 2656 non
1342 2616 1537 2675 posse,
1565 2596 1618 2656 si
1644 2596 1899 2658 alterum
1931 2605 2193 2675 ponatur
2214 2597 2292 2659 cf.
2312 2598 2725 2675 Kuehnerum,

418 2702 460 2766 l.
506 2724 557 2764 c.
602 2704 689 2776 Π,
725 2723 786 2784 p.
835 2701 1017 2765 1015.
1107 2704 1314 2783 Atque
1361 2704 1544 2764 etiam
1598 2723 1674 2764 ex
1720 2704 1877 2783 epist
1931 2703 1982 2777 I,
2038 2702 2094 2779 6,
2158 2703 2236 2764 12
2296 2707 2596 2785 „gaudeat
2651 2729 2730 2769 an

420 2810 642 2886 doleat,
688 2812 896 2892 cupiat
928 2820 1251 2885 metuatne,
1297 2811 1445 2891 quid
1485 2811 1561 2872 ad
1599 2831 1720 2873 rem
1739 2812 1802 2872 ?“
1844 2811 1950 2872 ubi
1994 2812 2382 2892 interrogatio
2411 2817 2729 2895 praecedit,

424 2920 487 2979 in
533 2921 705 3000 cujus
768 2920 962 2981 altera
1019 2929 1193 3000 parte
1252 2921 1406 2994 „an“
1469 2927 1700 2993 exstat,
1762 2918 2036 2993 efficitur,
2099 2919 2163 2979 in
2229 2920 2729 3002 subsequentibus

420 3028 620 3089 verbis
667 3027 912 3107 „cupiat
952 3030 1296 3090 metuatne“
1340 3026 1704 3107 particulam
1747 3028 1894 3101 „ne“
1949 3046 2057 3106 pro
2094 3029 2251 3101 ‚‚an“
2277 3028 2537 3108 positam
2580 3052 2729 3094 esse.

423 3136 650 3196 Errant
687 3135 874 3214 igitur
894 3135 1320 3197 Doederlinius
1354 3144 1415 3197 et
1458 3134 1766 3208 Handius,
1808 3154 2063 3213 quorum
2107 3134 2261 3196 alter
2298 3136 2362 3195 in
2404 3136 2606 3200 adnot.
2651 3140 2730 3200 ad

421 3243 596 3323 epist.
641 3243 693 3317 I,
743 3244 841 3316 11,
887 3241 946 3318 3,
990 3243 1145 3304 alter
1200 3243 1264 3303 in
1306 3243 1481 3304 Turs.
1540 3242 1656 3316 IV,
1700 3263 1799 3321 pp.
1850 3240 1932 3302 86
1975 3250 2036 3302 et
2082 3241 2162 3301 87
2208 3245 2528 3319 contendit,
2580 3249 2732 3320 „ne“

425 3349 683 3431 simplex
736 3350 1000 3429 positum
1070 3370 1200 3411 esse
1257 3371 1366 3430 pro
1431 3349 1662 3430 duplici
1719 3369 1832 3423 „ne
1848 3382 1931 3392 —
1949 3351 2079 3422 ne“,
2136 3350 2354 3429 quibus
2413 3354 2731 3431 particulis

424 3478 547 3519 non
591 3466 978 3538 opponantur
1021 3458 1178 3519 duae
1221 3457 1708 3537 interrogationis
1747 3465 1949 3536 partes
1978 3456 2082 3516 sed
2112 3457 2424 3537 anaphora
2467 3461 2732 3539 quadam

424 3574 787 3646 repetantur.
879 3565 1084 3645 Atque
1126 3565 1192 3625 in

424 3694 597 3774 epist.
641 3694 729 3767 Π,
773 3692 832 3767 3,
885 3691 963 3753 17

512 3801 797 3864 Intererit
838 3799 1118 3873 multum,
1156 3798 1410 3862 divusne
1452 3798 1739 3878 loquatur
1783 3818 1862 3858 an
1902 3797 2077 3859 heros

512 3955 837 3972 ......
880 3917 942 3969 et
981 3914 1259 3968 matrona
1291 3914 1504 3986 potens
1546 3926 1626 3966 an
1666 3904 1877 3967 sedula
1912 3905 2120 3966 nutrix

512 4062 769 4079 .....
809 4023 1178 4076 mercatorne
1223 4033 1416 4093 vagus
1461 4012 1734 4074 cultorne
1774 4011 2022 4074 virentis
2068 4011 2264 4092 agelli,

508 4123 773 4186 Colchus
820 4143 897 4184 an
944 4121 1254 4202 Assyrius,

427 4255 893 4331 „mercatorem“
933 4262 996 4314 et
1038 4251 1367 4326 „cultorem
1412 4250 1630 4330 agelli“
1673 4251 1830 4312 inter
1873 4271 1937 4311 se
1978 4249 2201 4330 opponi
2237 4247 2444 4310 eadem
2481 4251 2732 4329 ratione,

425 4383 549 4443 qun
588 4364 653 4423 in
694 4382 875 4424 versu
924 4359 1317 4442 praecedente
1371 4360 1727 4433 „matrona“
1770 4367 1833 4420 et
1883 4358 2183 4432 ,‚nutrix“,
2226 4357 2290 4417 in
2336 4354 2735 4438 subsequente
