3125 4900
1243 795 1708 875 Praefatio.

540 1040 854 1167 perpauci
920 1095 1063 1147 sunt
1119 1086 1462 1165 scriptores,
1516 1105 1768 1164 quorum
1813 1085 1954 1145 libri
1997 1106 2036 1146 a
2073 1086 2220 1148 viris
2263 1086 2455 1147 doctis
2498 1095 2625 1147 tam

338 1213 617 1263 accurate
674 1204 1062 1283 pervestigati
1134 1201 1694 1281 commentariisque
1762 1202 2077 1263 uberrimis
2151 1203 2440 1264 illustrati
2496 1203 2632 1274 sint,

337 1332 520 1390 quam
577 1311 843 1372 Horatii.
930 1311 1292 1389 Quicunque
1333 1318 1529 1370 autem
1573 1309 1636 1369 in
1676 1310 1890 1371 studiis
1936 1310 2101 1371 illius
2159 1319 2372 1390 poetae
2414 1311 2635 1372 Roma-

336 1440 550 1479 norum
594 1420 1023 1499 elegantissimi
1055 1419 1275 1481 versati
1308 1427 1467 1488 sunt,
1513 1439 1719 1479 omnes
1750 1419 2149 1492 consentiunt,
2194 1418 2382 1481 verba
2409 1419 2636 1480 tradita

337 1528 415 1587 ad
462 1548 621 1599 eam,
686 1548 809 1606 qua
853 1548 1002 1606 opus
1047 1536 1167 1599 est,
1227 1526 1629 1605 integritatem
1673 1526 2212 1606 perfectionemque
2271 1525 2467 1587 adhuc
2517 1548 2639 1587 non

336 1636 679 1714 pervenisse
746 1635 844 1707 (cf.
908 1634 1230 1696 Kirchneri
1289 1633 1439 1713 prol.
1483 1634 1560 1694 ad
1623 1633 1763 1694 edit.
1822 1654 1991 1695 serm.
2047 1634 2204 1695 Hor.
2254 1654 2309 1713 p.
2357 1630 2640 1715 9—12).

339 1744 555 1822 Itaque
597 1744 712 1803 hac
758 1751 953 1803 aetate
995 1743 1170 1802 multi
1217 1742 1279 1802 id
1325 1742 1713 1814 studuerunt,
1754 1749 1824 1802 ut
1864 1762 1966 1814 ea,
2012 1763 2168 1820 quae
2214 1741 2459 1821 propria
2502 1751 2641 1802 sunt

341 1850 694 1911 elocutionis
741 1850 907 1909 illius
947 1859 1175 1929 poetae,
1215 1850 1575 1928 indagarent
1608 1849 2015 1929 exemplisque
2035 1849 2378 1929 probarent,
2424 1851 2646 1931 quippe

342 1979 475 2018 cum
522 1959 661 2018 inde
717 1958 991 2018 nonnihil
1043 1958 1120 2018 ad
1165 1958 1435 2018 carmina
1477 1958 1604 2018 eius
1663 1958 2041 2018 emendanda
2104 1967 2164 2019 et
2221 1958 2298 2018 ad
2358 1959 2643 2038 syntaxin

341 2066 587 2144 linguae
606 2056 835 2126 latinae
875 2073 1152 2126 accurate
1183 2065 1663 2125 constituendam
1685 2065 2157 2125 redundaturum
2189 2087 2316 2126 esse
2346 2076 2645 2146 putarent.

351 2174 557 2252 Atque
601 2195 710 2252 ego
736 2174 991 2252 quidem,
1036 2194 1170 2234 cum
1201 2173 1576 2252 aliquamdiu
1607 2173 1852 2234 Horatii
1884 2173 2054 2234 libris
2089 2174 2358 2253 legendis
2404 2196 2646 2255 operam

345 2302 662 2365 navassem
683 2329 697 2354 ,
756 2281 919 2341 haud
962 2281 1223 2341 alienum
1267 2301 1395 2341 esse
1437 2282 1619 2354 duxi,
1665 2281 1946 2341 subtilius
2005 2282 2327 2361 inquirere,
2383 2304 2646 2362 quanam

347 2388 580 2450 ratione
635 2388 698 2446 in
763 2386 1094 2449 formandis
1156 2388 1724 2468 interrogationibus
1780 2389 2172 2451 enuntiativis
2242 2390 2652 2472 imprimisque

347 2499 410 2557 in
455 2497 816 2576 usurpandis
861 2498 1174 2577 particulis
1219 2507 1487 2559 uteretur
1521 2498 1838 2570 Horatius,
1894 2498 2239 2576 praesertim
2280 2520 2415 2559 cum
2449 2511 2653 2563 nostro

348 2605 586 2665 demum
654 2605 890 2665 saeculo
947 2605 1476 2684 interrogationum
1528 2606 1682 2666 ratio
1728 2606 1816 2664 ita
1861 2607 2107 2666 tractari
2151 2615 2363 2686 coepta
2421 2608 2527 2677 sit.
2589 2617 2659 2668 ut

351 2722 609 2774 aetatem
673 2714 1035 2792 optimarum
1098 2715 1314 2775 artium
1359 2714 1558 2774 studio
1612 2714 1928 2792 diligenter
1988 2714 2409 2775 inservientem
2472 2716 2658 2777 decet.

352 2822 514 2881 Nam
556 2831 839 2882 accurata
868 2822 1161 2901 ejusmodi
1185 2822 1603 2883 observatione
1635 2821 2003 2882 adminicula
2025 2822 2397 2901 suppeditari
2416 2824 2660 2885 minime

353 2913 792 2989 contemnenda
825 2929 934 3001 iis,
984 2929 1087 3007 qui
1132 2928 1377 3008 linguae
1414 2929 1643 2989 latinae
1685 2929 1994 2989 historiam
2047 2930 2324 3009 persequi
2369 2930 2485 2991 sibi
2528 2953 2661 3011 pro-

355 3045 706 3116 posuerunt,
751 3036 815 3094 in
860 3044 1145 3115 promptu
1188 3044 1295 3098 est.
1384 3036 1627 3097 Etenim
1674 3044 1821 3116 quot
1850 3035 2185 3115 scriptores,
2233 3045 2324 3098 tot
2362 3037 2661 3099 scribendi

354 3165 590 3224 genera,
639 3152 912 3222 recteque
969 3152 1172 3204 monet
1214 3142 1420 3204 Cicero
1481 3138 1711 3224 (orator
1758 3141 1862 3215 16,
1923 3139 2034 3223 53)
2090 3152 2274 3223 „quot
2327 3145 2664 3206 orationum

356 3272 576 3331 genera
616 3272 744 3311 esse
808 3251 1070 3311 diximus
1088 3298 1102 3323 ,
1157 3250 1403 3312 totidem
1469 3258 1771 3310 oratorum
1817 3250 2248 3329 reperiuntur.“
2337 3252 2543 3332 Atque
2598 3264 2669 3316 ut

356 3360 419 3418 in
462 3367 589 3419 arte
617 3359 894 3431 oratoria,
932 3358 1021 3420 ita
1060 3358 1122 3418 in
1157 3358 1320 3418 omni
1352 3377 1563 3437 genere
1588 3347 1912 3418 literarum
1932 3377 2106 3417 suum
2139 3358 2392 3437 quisque
2414 3359 2668 3439 scriptor

359 3466 761 3528 conformavit
803 3466 1090 3527 orationis
1133 3486 1339 3545 genus.
1386 3473 1391 3476 ’

569 3574 613 3636 J
617 3595 712 3635 am
759 3594 899 3636 vero
941 3582 1012 3634 ut
1071 3574 1342 3635 omittam
1405 3573 1556 3633 alios
1574 3621 1589 3645 ,
1650 3574 1754 3653 qui
1806 3573 2173 3652 scripserunt
2223 3574 2298 3635 de
2354 3576 2667 3654 particulis

359 3682 601 3755 latinis,
667 3682 807 3741 nolo
867 3674 980 3741 hoc
1034 3681 1167 3741 loco
1221 3682 1460 3742 silentio
1518 3681 1838 3761 praeterire
1889 3682 2471 3760 praestantissimum
2515 3682 2668 3744 illud

363 3789 733 3849 Ferdinandi
794 3789 1031 3848 Handii
1093 3809 1243 3868 opus
1306 3809 1542 3849 summa
1606 3808 1677 3848 ac
1722 3809 1915 3867 paene
1973 3788 2311 3848 incredibili
2354 3789 2670 3869 diligentia

372 3895 795 3974 conscriptum,
836 3896 997 3974 quod
1027 3895 1376 3956 inscribitur
1392 3895 1805 3968 „Tursellinus
1851 3916 1954 3955 seu
1982 3894 2058 3955 de
2094 3896 2408 3974 particulis
2432 3897 2670 3960 Latinis

350 4003 834 4064 ‘commentariif‘
949 4003 1146 4079 Quem
1213 4003 1454 4082 quidem
1518 4002 1740 4064 librum
1795 4023 2016 4082 magno
2070 4003 2218 4062 mihi
2271 4004 2672 4067 emolumento

365 4110 553 4170 fuisse
620 4110 682 4169 in
757 4110 871 4170 hac
946 4109 1364 4171 dissertatione
1431 4110 1803 4171 elaboranda
1865 4118 2037 4189 grato
2108 4111 2310 4171 animo
2371 4112 2671 4176 confiteor.

366 4216 605 4278 Deinde
661 4238 756 4277 me
815 4216 1179 4297 adjuverunt
1234 4218 1497 4279 maxime
1550 4239 1624 4279 ea
1675 4238 1830 4297 quae
1872 4218 2241 4296 Draegerus,
2286 4219 2674 4292 „historische

367 4333 592 4406 syntax
639 4324 744 4385 der
781 4324 888 4386 lat.
937 4325 1211 4405 sprache,
1273 4326 1528 4406 Leipzig
1578 4324 1779 4386 1878“
1840 4334 1901 4386 et
1937 4324 2300 4387 Kuehnerus
2360 4329 2674 4401 ,',ausf1'‘1hr-

366 4430 526 4493 Iiche
572 4430 936 4510 grammatik
980 4431 1086 4492 der
1128 4431 1234 4494 lat.
1282 4431 1559 4513 sprache,
1600 4431 1942 4496 Hannover
1989 4428 2193 4491 1878“
2235 4447 2675 4513 congesserunt.

2235 4531 2259 4582 1
