3125 4900
1429 377 1853 438 ...22-

492 551 586 625 sit,
633 550 684 611 si
728 550 862 630 quis
908 550 1246 612 accuratius
1291 571 1414 612 rem
1459 550 1940 625 consideraverit,
1993 550 2172 611 facile
2214 549 2537 629 intelleget.
2624 550 2788 611 Nam

492 679 626 720 cum
673 659 837 739 apud
880 657 1193 738 scriptores
1243 678 1459 719 aureae
1497 679 1680 739 quam
1724 658 1975 720 dicimus
2017 658 2261 737 linguae
2300 657 2529 719 latinae
2575 659 2789 720 aetatis

489 769 638 842 ,‚ve“
686 764 1046 846 particulam
1112 786 1220 846 pro
1262 768 1410 840 ,‚ne“
1476 765 1539 826 in
1591 766 1991 828 disiunctione
2044 765 2302 846 positam
2357 765 2466 829 vix
2520 786 2787 846 unquam

491 874 751 955 reperias
778 871 834 951 ¹),
880 882 1010 934 tum
1043 873 1136 933 illi
1180 874 1300 934 duo
1343 873 1460 934 loci
1504 894 1578 935 ea
1630 894 1693 935 re
1735 874 2038 947 differunt,
2083 874 2244 952 quod
2285 873 2456 953 epist.
2501 873 2551 947 Ι,
2606 873 2702 946 11,
2748 873 2786 934 3

488 982 874 1062 interrogatio
916 981 1282 1044 disiunctiva
1324 982 1580 1056 directa„
1614 991 1728 1045 sat.
1773 982 1823 1055 Ι,
1866 980 1924 1055 2,
1970 980 2053 1042 63
2099 980 2347 1060 obliqua
2386 989 2602 1043 exstat.

692 1111 896 1190 Atque
941 1119 1011 1171 ut
1049 1111 1241 1190 primo
1285 1110 1417 1172 loco
1462 1110 1660 1171 dicam
1705 1110 1780 1171 de
1824 1110 1995 1189 epist.
2039 1110 2089 1183 Ι,
2138 1108 2234 1183 11,
2281 1108 2338 1184 3,
2382 1109 2627 1190 plurimi
2667 1109 2787 1170 edi-

489 1228 646 1280 tores
693 1219 757 1278 in
816 1218 1070 1281 lectione
1126 1217 1353 1279 tradita
1414 1221 1561 1292 ‚,ve“
1622 1218 1986 1280 offendentes
2049 1216 2321 1279 Bentleio
2386 1226 2625 1279 auctore
2678 1239 2787 1297 pro

487 1326 867 1402 ,‚minorave“
940 1326 1306 1406 scripserunt
1377 1327 1778 1400 ,‚minorane“
1881 1326 2020 1386 Hos
2092 1333 2289 1386 autem
2365 1325 2525 1387 viros
2579 1326 2785 1386 doctos

489 1434 767 1514 effugisse
809 1433 1062 1508 videtur,
1103 1434 1263 1513 quod
1308 1433 1368 1493 in
1409 1433 1619 1515 lingua
1677 1434 1872 1495 latina
1928 1432 2089 1512 apud
2147 1432 2381 1493 nullum
2442 1433 2784 1513 scriptorem

490 1542 876 1621 interrogatio
943 1542 1308 1605 disiunctiva
1368 1542 1597 1604 directa
1660 1541 1961 1604 invenitur
1978 1588 1991 1614 ,
2062 1541 2230 1619 cujus
2295 1540 2586 1620 posterior
2643 1562 2785 1620 pars

485 1650 668 1730 priori
712 1670 817 1730 per
850 1652 997 1725 ,‚ne“
1039 1650 1318 1730 opposita
1342 1651 1421 1713 sit
1439 1650 1499 1727 ²).
1545 1651 1621 1712 cf.
1650 1650 2043 1728 Draegerum,
2074 1648 2212 1709 hist.
2241 1657 2394 1727 synt.
2433 1648 2518 1722 ΙΙ,
2544 1669 2606 1727 p.
2628 1647 2784 1723 4663

483 1756 855 1819 Gossrauum
880 1804 895 1831 ,
965 1757 1072 1819 lat.
1144 1778 1332 1837 gram.
1397 1779 1457 1837 p.
1510 1757 1660 1818 492.
1730 1790 1806 1800 -
1858 1755 2251 1828 KuehneruS‚
2318 1752 2421 1834 qui
2490 1755 2782 1835 ejusmodi

483 1865 761 1945 exempla
805 1884 927 1925 non
986 1865 1200 1926 afferat
1235 1865 1276 1927 l.
1321 1886 1370 1927 c.
1421 1865 1504 1940 H,
1545 1887 1604 1945 p.
1653 1863 1818 1926 1015
1858 1864 2111 1925 tacendo
2150 1863 2431 1943 loquitur.
2478 1897 2561 1905 -—
2607 1864 2784 1939 Quae

483 1993 616 2034 cum
660 1972 748 2034 ita
790 1972 939 2047 sint,
1003 1959 1310 2053 opiniones
1360 1994 1563 2035 eorum
1633 1972 1991 2033 refutandae
2035 1980 2206 2045 sunt,
2273 1972 2377 2051 qui
2443 1970 2782 2032 Bentleium

482 2081 668 2142 secuti
717 2080 1097 2154 ,‚minorane“
1151 2102 1260 2161 pro
1314 2082 1694 2156 „minorave“
1752 2080 2132 2159 scripserunt.
2224 2078 2319 2139 Ac
2367 2099 2505 2139 mea
2543 2079 2779 2158 quidem

482 2188 778 2249 sententia
821 2209 954 2249 cum
995 2187 1241 2250 Kellero
1275 2188 1337 2249 in
1373 2189 1721 2251 universum
1768 2187 2211 2249 consentiedum
2256 2196 2362 2260 est,
2407 2188 2510 2266 qui
2552 2208 2591 2247 a
2634 2195 2783 2249 cete-

481 2315 681 2356 rorum
744 2295 921 2356 huius
984 2296 1101 2357 loci
1158 2296 1503 2377 explicandi
1558 2296 1790 2357 ratione
1838 2296 2163 2357 abhorrens
2207 2295 2341 2375 epil.
2387 2294 2506 2368 III,
2551 2316 2610 2374 p.
2656 2293 2781 2355 643

481 2424 705 2484 magna
758 2424 891 2466 cum
941 2405 1270 2485 sagacitate
1313 2404 1593 2487 exposuit
1652 2424 1854 2466 omnes
1912 2404 2165 2466 editores
2220 2403 2281 2464 in
2341 2424 2408 2465 eo
2475 2403 2781 2478 erravisse,

481 2513 641 2592 quod
697 2512 883 2574 verba
923 2514 1193 2593 „majora
1235 2515 1545 2577 minorave
1587 2513 1791 2574 fama“
1844 2533 1952 2593 pro
2007 2512 2470 2592 interrogatione
2522 2512 2783 2573 disiunc-

478 2620 609 2683 tiva
666 2620 947 2682 habenda
1001 2642 1132 2683 esse
1184 2629 1479 2701 putarent.
1575 2621 1838 2683 Disserit
1881 2621 2038 2682 enim
2084 2621 2187 2680 ille
2239 2620 2334 2682 vir
2377 2620 2586 2681 doctus
2633 2620 2784 2681 haec

479 2749 637 2804 „wer
699 2728 861 2790 diese
912 2728 1391 2811 gedankenreihe
1451 2729 1606 2790 ohne
1668 2728 2037 2808 vorgefasste
2101 2729 2384 2808 meinung
2456 2729 2780 2809 ueberlegt‚

480 2836 625 2898 wird
669 2836 950 2917 zugeben‚
996 2837 1136 2898 dass
1179 2837 1398 2917 gerade
1439 2837 1535 2899 die
1576 2846 1783 2899 worte:
1843 2837 1977 2899 sind
2037 2837 2122 2898 sie
2178 2858 2447 2917 groesser
2489 2838 2632 2899 oder
2685 2859 2781 2918 ge-

477 2944 677 3026 ringer
735 2944 827 3006 als
869 2944 966 3005 ihr
1022 2945 1158 3006 ruf?
1223 2944 1465 3007 absolut
1523 2946 1693 3007 nicht
1746 2946 2185 3025 hereinpassen.
2286 2946 2464 3006 Denn
2523 2966 2585 3006 es
2634 2946 2780 3006 wird

477 3073 594 3113 nur
648 3052 885 3114 danach
952 3053 1215 3133 gefragt,
1268 3053 1378 3114 wie
1433 3053 1563 3114 dem
1631 3052 1936 3114 Bullatius
1992 3053 2088 3114 die
2133 3052 2493 3114 asiatischen
2548 3054 2781 3115 staedte

476 3170 764 3243 zugesagt
790 3161 1007 3236 haben,
1047 3161 1216 3223 nicht
1246 3161 1389 3222 aber
1431 3162 1578 3223 wird
1621 3162 1744 3223 sein
1786 3162 1962 3222 urteil
2007 3161 2316 3240 verlangt,
2377 3161 2438 3220 in
2499 3160 2777 3222 welchem

476 3268 768 3330 zustande
809 3269 1245 3349 gegenwaertig
1269 3270 1408 3349 jene
1449 3269 1683 3350 plaetze
1725 3269 1902 3330 seien.
1989 3269 2075 3329 Es
2113 3267 2364 3327 handelt
2393 3267 2517 3328 sich
2565 3268 2779 3329 durch-

477 3397 603 3456 weg
642 3377 813 3438 nicht
854 3398 954 3438 um
1003 3376 1296 3457 objective
1322 3426 1337 3452 ,
1399 3377 1651 3439 sondern
1698 3398 1800 3437 um
1857 3376 1982 3437 rein
2025 3376 2355 3456 subjective
2397 3376 2777 3456 schaetzung,

475 3485 601 3546 und
651 3486 716 3545 in
761 3485 964 3546 diesen
1017 3486 1528 3566 zusammenhang
1580 3495 1752 3565 passt
1794 3485 1941 3547 eben
1991 3484 2100 3546 das
2138 3484 2550 3546 ueberlieferte
2591 3486 2779 3546 mino·

477 3613 622 3655 rave
658 3614 811 3673 ganz
849 3592 1226 3673 vorzueglich
1270 3593 1490 3657 herein.
1580 3594 1757 3668 ,‚Wie
1791 3592 2052 3673 gefallen
2097 3593 2191 3652 dir
2230 3592 2328 3654 die
2368 3592 2776 3670 beruehmten,

484 3735 573 3743 *-

683 3799 726 3866 ¹)
761 3797 929 3852 Nullo
965 3798 1133 3867 igitur
1167 3799 1279 3853 iure
1314 3798 1526 3852 Braunh
1537 3798 1647 3853 ard.
1692 3802 1749 3853 et
1782 3798 1892 3863 alii,
1946 3799 2039 3867 qui
2091 3802 2222 3864 „ve“
2265 3798 2511 3863 retinent,
2555 3800 2775 3853 interro·

481 3887 716 3957 gationis
746 3888 954 3957 signum
992 3891 1295 3957 posuerunt.

680 3998 725 4068 ²)
765 4000 933 4055 Valde
970 4001 1265 4070 Draegerus
1300 4000 1679 4069 vituperandus
1711 4000 1944 4065 videtur,
1996 4001 2087 4068 qui
2123 3998 2357 4053 affimat
2415 3998 2555 4052 hunc
2602 3999 2776 4066 ipsum

473 4089 648 4145 locum
684 4091 1033 4145 Horatianum
1068 4107 1182 4145 esse
1218 4107 1381 4144 unum
1417 4090 1711 4159 solumque,
1752 4107 1855 4159 quo
1890 4092 2060 4145 altera
2107 4106 2228 4158 pars
2262 4089 2421 4144 alteri
2466 4090 2521 4141 in
2556 4089 2778 4143 interro-

472 4181 689 4250 gatione
728 4180 1050 4235 disiunctiva
1087 4180 1288 4236 directa
1323 4184 1457 4246 ,‚ne“
1491 4180 1758 4249 particula
1799 4183 2122 4249 opponatur,
2162 4195 2479 4248 quamquam
2519 4178 2618 4232 hoc
2660 4178 2777 4232 loco

476 4275 605 4338 ,‚ne“
661 4286 762 4323 non
819 4270 1070 4325 codicibis
1124 4270 1381 4325 traditum
1449 4269 1543 4324 sed
1598 4271 1945 4337 interpretum
2001 4270 2305 4338 conjectura
2359 4268 2604 4322 effectum
2676 4271 2775 4322 est.

468 4362 695 4417 Maxime
755 4364 932 4416 autem
984 4361 1271 4416 cavendum
1325 4364 1424 4427 est,
1473 4377 1571 4426 ne,
1631 4359 1772 4430 quod
1831 4359 1897 4414 ab
1953 4377 2054 4413 usu
2108 4360 2278 4413 totius
2313 4359 2526 4428 linguae
2576 4358 2776 4412 latinae

468 4453 694 4519 recedat,
729 4454 1031 4508 coniectura
1067 4454 1121 4507 in
1155 4452 1315 4508 verba
1345 4452 1629 4524 scriptoris
1670 4451 1972 4507 inferamus.

1446 4629 1726 4668 ff
