3125 4900
1374 359 1797 421 -18-

428 530 775 592 docuerunt.
862 530 1077 591 Restat
1119 539 1188 591 ut
1246 531 1461 606 dicam,
1505 531 1656 593 bene
1698 552 1833 592 oum
1879 532 2176 594 sententia
2205 532 2385 614 hujus
2433 534 2550 596 loci
2595 555 2732 595 con-

431 658 642 717 gruere
684 637 748 697 id
783 638 981 716 ipsum
996 684 1012 711 ,
1051 637 1210 717 quod
1261 638 1562 700 Horatius
1608 659 1684 700 ex
1727 639 2018 701 indirecta
2061 640 2331 701 oratione
2388 640 2468 701 ad
2510 649 2734 702 rectam

436 746 635 807 subito
658 745 915 807 transiit.
1006 744 1211 822 Quam
1259 746 1337 807 ad
1382 768 1505 808 rem
1545 748 1697 808 bene
1729 747 2045 810 adnotavit
2067 747 2391 823 ObbariuS,
2433 748 2483 823 Ι,
2524 770 2585 829 p.
2610 746 2737 810 220

434 855 585 916 haec
649 853 848 933 „quod
912 852 1212 914 Horatius
1284 875 1361 915 ex
1422 856 1691 917 oratione
1751 855 2044 917 indirecta
2115 857 2194 918 ad
2255 866 2478 921 rectam
2536 856 2737 918 subito

431 962 669 1036 transit,
697 981 819 1022 non
863 968 956 1021 est
997 960 1127 1021 sine
1167 961 1431 1041 quadam
1482 964 1568 1024 rei
1611 973 1672 1025 et
1713 964 1986 1044 ingratae
2022 973 2082 1026 et
2126 964 2577 1045 inexspectatae
2621 965 2736 1045 sig-

434 1070 792 1144 nificatione,
836 1089 1019 1149 quam
1064 1069 1366 1149 particula
1406 1073 1562 1146 „an“
1609 1081 1848 1135 auctam
1894 1073 2243 1134 sentimuS.“

435 1178 607 1257 epist.
652 1176 702 1250 Ι,
750 1174 808 1252 6,
854 1175 933 1238 12

464 1268 471 1281 ’
520 1286 805 1348 Gaudeat
845 1306 923 1346 an
967 1285 1185 1359 doleat,
1225 1286 1432 1366 cupiat
1474 1295 1799 1361 metuatne,
1845 1288 1991 1368 quid
2039 1289 2117 1349 ad
2161 1290 2329 1350 rem?

438 1395 609 1473 epist.
647 1394 697 1468 Ι,
742 1393 838 1468 12,
884 1392 968 1454 20

1660 1501 1960 1563 Sublimia
2002 1522 2170 1562 cures

525 1607 921 1688 Empedocles
963 1628 1041 1668 an
1082 1607 1433 1670 Stertinium
1478 1607 1689 1670 deliret
1735 1630 2003 1671 acumen.

439 1716 610 1797 epist.
656 1717 707 1790 I,
745 1715 841 1790 14,
885 1715 924 1774 5

525 1823 852 1898 Certemus,
898 1864 910 1876 -
959 1870 1209 1886 .....
1259 1823 1469 1884 melior
1513 1823 1593 1883 sit
1638 1822 1937 1884 Horatius
1981 1843 2058 1884 an
2091 1843 2200 1883 res,

440 1932 612 2013 epist.
646 1931 696 2005 Ι,
748 1928 843 2004 16,
893 1929 972 2003 12

526 2038 624 2099 Ne
664 2036 1043 2117 perconteriS‚
1088 2036 1314 2097 fundus
1356 2058 1524 2098 meus
1567 2083 1883 2099 ......

528 2146 700 2207 Arvo
741 2153 956 2225 paseat
998 2164 1163 2205 erum
1209 2166 1287 2206 an
1329 2145 1498 2206 bacis
1533 2145 1845 2225 opulentet
1888 2144 2100 2207 olivae.

441 2254 612 2335 epist.
649 2253 698 2326 Ι,
749 2251 846 2327 18,
891 2251 1168 2313 19-20

532 2360 886 2441 Ambigitur
923 2359 1070 2440 quid
1115 2361 1315 2422 enim?
1356 2359 1574 2421 Castor
1622 2359 1774 2421 sciat
1825 2380 1904 2420 an
1946 2357 2180 2419 Docilis
2223 2356 2389 2437 plus;

536 2470 928 2532 Brundisium
974 2469 1209 2530 Minuci
1253 2469 1466 2530 melius
1504 2470 1609 2531 via
1657 2469 1841 2529 ducat
1882 2489 1959 2528 an
2004 2466 2189 2546 Appi.

446 2581 617 2660 epist.
653 2579 737 2654 ΙΙ,
789 2579 842 2653 1,
894 2577 1015 2637 176

530 2689 806 2760 Securus,
851 2685 1032 2746 eadat
1067 2704 1144 2744 an
1188 2692 1349 2745 recto
1394 2692 1512 2745 stet
1554 2683 1769 2745 fabula
1813 2683 1955 2744 talo,

445 2796 619 2877 epist.
665 2795 749 2869 ΙΙ,
787 2793 847 2868 2,
895 2792 1017 2854 166

538 2903 704 2981 Quid
751 2902 947 2976 refert,
983 2901 1158 2964 vivas
1193 2909 1505 2962 numerato
1549 2919 1742 2979 nuper
1767 2918 1841 2959 an
1891 2897 2075 2958 olim?

447 3012 620 3093 epist.
667 3010 752 3084 ΙΙ,
795 3008 854 3083 2,
904 3007 1027 3069 195

534 3119 746 3181 Distat
789 3116 965 3189 enim,
1012 3135 1263 3196 spargas
1306 3123 1415 3175 tua
1457 3113 1762 3193 prodigus,
1805 3133 1884 3174 an
1927 3133 2118 3192 neque
2155 3121 2461 3195 sumptum

533 3226 772 3289 Invitus
819 3224 1030 3286 facias.

450 3334 621 3415 Qist.
656 3334 742 3407 II,
788 3331 847 3407 3,
891 3328 1228 3392 116-118

535 3440 818 3503 Intererit
858 3438 1117 3500 multum
1121 3482 1426 3509 ......
1470 3435 1756 3515 loquatur
1801 3480 1814 3494 .
1858 3480 1873 3494 .
1918 3480 1931 3494 .

537 3595 793 3612 .....
836 3555 1114 3607 matrona
1140 3552 1353 3625 potens
1399 3563 1478 3604 an
1525 3541 1739 3603 sedula
1779 3541 2002 3614 nutrix,

538 3655 800 3719 Colchus
845 3676 924 3716 an
963 3654 1272 3734 Assyrius,
1307 3651 1533 3714 Thebis
1565 3650 1829 3712 nutritus
1873 3670 1950 3709 an
1998 3647 2197 3727 Argis.

453 3765 625 3847 epist.
672 3764 757 3839 ΙΙ,
804 3762 861 3838 3,
901 3761 1028 3823 408
1853 3760 1864 3768 “

535 3872 780 3933 Natura
821 3869 988 3931 fieret
1032 3867 1350 3930 laudabile
1392 3886 1633 3929 carmen
1669 3885 1749 3926 an
1794 3872 1939 3938 arte,

545 3978 905 4057 Quaesitum
948 3985 1057 4038 est.

549 4088 730 4164 „An“
775 4085 1020 4166 ponitur
1064 4083 1375 4163 anaphora
1416 4082 1512 4143 his
1555 4081 1705 4144 locis

457 4196 551 4258 od.
596 4195 647 4269 Ι,
693 4193 790 4269 12,
825 4190 1080 4254 33-35

541 4302 869 4365 Romulum
913 4309 1052 4381 post
1093 4299 1203 4359 hos
1242 4297 1408 4377 prius
1453 4318 1531 4359 an
1573 4297 1841 4377 quietum

544 4408 808 4490 Pompili
848 4427 1098 4488 regnum
1142 4425 1480 4479 memorem,
1527 4426 1606 4466 an
1654 4403 1941 4484 superbos
