<?xml version="1.0" encoding="UTF-8"?>
<!DOCTYPE html PUBLIC "-//W3C//DTD XHTML 1.0 Transitional//EN"
    "http://www.w3.org/TR/xhtml1/DTD/xhtml1-transitional.dtd">
<html xmlns="http://www.w3.org/1999/xhtml" xml:lang="en" lang="en">
 <head>
  <title>
</title>
<meta http-equiv="Content-Type" content="text/html;charset=utf-8" />
  <meta name='ocr-system' content='tesseract 3.04.00' />
  <meta name='ocr-capabilities' content='ocr_page ocr_carea ocr_par ocr_line ocrx_word'/>
</head>
<body>
  <div class='ocr_page' id='page_1' title='image "./deinterrogation00grabgoog_0055.png"; bbox 0 0 3125 4900; ppageno 0'>
   <div class='ocr_carea' id='block_1_1' title="bbox 1297 347 1729 409">
    <p class='ocr_par' dir='ltr' id='par_1_1' title="bbox 1297 347 1729 409">
     <span class='ocr_line' id='line_1_1' title="bbox 1297 347 1729 409; baseline 0 -18"><span class='ocrx_word' id='word_1_1' title='bbox 1297 347 1729 409; x_wconf 70' lang='lat'>-51-</span> 
     </span>
    </p>
   </div>
   <div class='ocr_carea' id='block_1_2' title="bbox 333 517 2665 1140">
    <p class='ocr_par' dir='ltr' id='par_1_2' title="bbox 333 517 2665 1140">
     <span class='ocr_line' id='line_1_2' title="bbox 341 517 2660 583; baseline -0.003 0"><span class='ocrx_word' id='word_1_2' title='bbox 341 522 645 583; x_wconf 87' lang='lat' dir='ltr'><strong>commoti</strong></span> <span class='ocrx_word' id='word_1_3' title='bbox 706 520 799 581; x_wconf 92' lang='lat' dir='ltr'><strong>illi</strong></span> <span class='ocrx_word' id='word_1_4' title='bbox 864 518 979 581; x_wconf 88' lang='lat' dir='ltr'><strong>viri</strong></span> <span class='ocrx_word' id='word_1_5' title='bbox 1047 518 1377 582; x_wconf 81' lang='lat' dir='ltr'><strong>doctissimi</strong></span> <span class='ocrx_word' id='word_1_6' title='bbox 1448 519 1806 581; x_wconf 82' lang='lat' dir='ltr'><strong>deteriorum</strong></span> <span class='ocrx_word' id='word_1_7' title='bbox 1871 518 2141 581; x_wconf 90' lang='lat' dir='ltr'><strong>codicum</strong></span> <span class='ocrx_word' id='word_1_8' title='bbox 2211 517 2524 579; x_wconf 91' lang='lat' dir='ltr'><strong>lectionem</strong></span> <span class='ocrx_word' id='word_1_9' title='bbox 2593 518 2660 578; x_wconf 91' lang='lat' dir='ltr'><strong>in</strong></span> 
     </span>
     <span class='ocr_line' id='line_1_3' title="bbox 343 626 2662 709; baseline -0.002 -18"><span class='ocrx_word' id='word_1_10' title='bbox 343 629 634 691; x_wconf 89' lang='lat' dir='ltr'><strong>ordinem</strong></span> <span class='ocrx_word' id='word_1_11' title='bbox 676 628 994 693; x_wconf 81' lang='lat' dir='ltr'><strong>verborum</strong></span> <span class='ocrx_word' id='word_1_12' title='bbox 1051 628 1408 708; x_wconf 81' lang='lat' dir='ltr'><strong>receperint,</strong></span> <span class='ocrx_word' id='word_1_13' title='bbox 1472 627 1859 709; x_wconf 89' lang='lat' dir='ltr'><strong>perspicuum</strong></span> <span class='ocrx_word' id='word_1_14' title='bbox 1919 646 2040 687; x_wconf 93' lang='lat' dir='ltr'><strong>non</strong></span> <span class='ocrx_word' id='word_1_15' title='bbox 2090 634 2203 699; x_wconf 90' lang='lat' dir='ltr'><strong>est,</strong></span> <span class='ocrx_word' id='word_1_16' title='bbox 2265 626 2487 706; x_wconf 90' lang='lat' dir='ltr'><strong>quippe</strong></span> <span class='ocrx_word' id='word_1_17' title='bbox 2526 647 2662 687; x_wconf 90' lang='lat' dir='ltr'><strong>cum</strong></span> 
     </span>
     <span class='ocr_line' id='line_1_4' title="bbox 344 714 2662 815; baseline -0.001 -17"><span class='ocrx_word' id='word_1_18' title='bbox 344 736 677 799; x_wconf 89' lang='lat' dir='ltr'><strong>Bentleius</strong></span> <span class='ocrx_word' id='word_1_19' title='bbox 739 757 984 799; x_wconf 88' lang='lat' dir='ltr'><strong>causam</strong></span> <span class='ocrx_word' id='word_1_20' title='bbox 1046 744 1272 798; x_wconf 85' lang='lat' dir='ltr'><strong>certam</strong></span> <span class='ocrx_word' id='word_1_21' title='bbox 1331 735 1567 797; x_wconf 91' lang='lat' dir='ltr'><strong>nullam</strong></span> <span class='ocrx_word' id='word_1_22' title='bbox 1581 783 1596 811; x_wconf 92' lang='lat'><strong>,</strong></span> <span class='ocrx_word' id='word_1_23' title='bbox 1639 714 1991 797; x_wconf 44' lang='lat' dir='ltr'><strong>&#39;Schmidius</strong></span> <span class='ocrx_word' id='word_1_24' title='bbox 2032 755 2246 815; x_wconf 87' lang='lat' dir='ltr'><strong>parum</strong></span> <span class='ocrx_word' id='word_1_25' title='bbox 2289 734 2662 815; x_wconf 88' lang='lat' dir='ltr'><strong>probabilem</strong></span> 
     </span>
     <span class='ocr_line' id='line_1_5' title="bbox 347 841 2665 924; baseline -0.001 -18"><span class='ocrx_word' id='word_1_26' title='bbox 347 845 598 906; x_wconf 84' lang='lat' dir='ltr'><strong>afferat.</strong></span> <span class='ocrx_word' id='word_1_27' title='bbox 690 844 868 919; x_wconf 87' lang='lat' dir='ltr'><strong>„Non</strong></span> <span class='ocrx_word' id='word_1_28' title='bbox 877 844 905 876; x_wconf 88' lang='lat'>“</span> <span class='ocrx_word' id='word_1_29' title='bbox 972 844 1034 904; x_wconf 93' lang='lat' dir='ltr'><strong>id</strong></span> <span class='ocrx_word' id='word_1_30' title='bbox 1096 843 1256 923; x_wconf 90' lang='lat' dir='ltr'><strong>quod</strong></span> <span class='ocrx_word' id='word_1_31' title='bbox 1316 844 1628 924; x_wconf 82' lang='lat' dir='ltr'><strong>pauciores</strong></span> <span class='ocrx_word' id='word_1_32' title='bbox 1684 844 1980 924; x_wconf 90' lang='lat' dir='ltr'><strong>iidemque</strong></span> <span class='ocrx_word' id='word_1_33' title='bbox 2022 843 2336 905; x_wconf 87' lang='lat' dir='ltr'><strong>deteriores</strong></span> <span class='ocrx_word' id='word_1_34' title='bbox 2381 841 2665 904; x_wconf 81' lang='lat' dir='ltr'><strong>exhibent</strong></span> 
     </span>
     <span class='ocr_line' id='line_1_6' title="bbox 336 951 2664 1032; baseline -0 -19"><span class='ocrx_word' id='word_1_35' title='bbox 336 953 506 1013; x_wconf 88' lang='lat' dir='ltr'><strong>libri</strong></span> <span class='ocrx_word' id='word_1_36' title='bbox 563 973 729 1026; x_wconf 70' lang='lat' dir='ltr'><strong>mss,</strong></span> <span class='ocrx_word' id='word_1_37' title='bbox 787 952 893 1015; x_wconf 88' lang='lat' dir='ltr'><strong>vix</strong></span> <span class='ocrx_word' id='word_1_38' title='bbox 946 951 1346 1031; x_wconf 80' lang='lat' dir='ltr'><strong>interpreteris</strong></span> <span class='ocrx_word' id='word_1_39' title='bbox 1365 998 1379 1025; x_wconf 91' lang='lat'><strong>,</strong></span> <span class='ocrx_word' id='word_1_40' title='bbox 1439 972 1577 1014; x_wconf 90' lang='lat' dir='ltr'><strong>cum</strong></span> <span class='ocrx_word' id='word_1_41' title='bbox 1640 953 1859 1029; x_wconf 84' lang='lat' dir='ltr'><strong>„num“</strong></span> <span class='ocrx_word' id='word_1_42' title='bbox 1926 951 2311 1013; x_wconf 88' lang='lat' dir='ltr'><strong>difficultates</strong></span> <span class='ocrx_word' id='word_1_43' title='bbox 2376 951 2664 1032; x_wconf 90' lang='lat' dir='ltr'><strong>praebeat</strong></span> 
     </span>
     <span class='ocr_line' id='line_1_7' title="bbox 333 1059 2664 1140; baseline 0 -19"><span class='ocrx_word' id='word_1_44' title='bbox 333 1060 588 1121; x_wconf 85' lang='lat' dir='ltr'><strong>nullas.</strong></span> <span class='ocrx_word' id='word_1_45' title='bbox 660 1059 1034 1122; x_wconf 88' lang='lat' dir='ltr'><strong>Vertendum</strong></span> <span class='ocrx_word' id='word_1_46' title='bbox 1078 1059 1237 1120; x_wconf 91' lang='lat' dir='ltr'><strong>enim</strong></span> <span class='ocrx_word' id='word_1_47' title='bbox 1282 1067 1374 1121; x_wconf 90' lang='lat' dir='ltr'><strong>est</strong></span> <span class='ocrx_word' id='word_1_48' title='bbox 1417 1060 1528 1134; x_wconf 91' lang='lat' dir='ltr'><strong>ita,</strong></span> <span class='ocrx_word' id='word_1_49' title='bbox 1575 1067 1644 1120; x_wconf 89' lang='lat' dir='ltr'><strong>ut</strong></span> <span class='ocrx_word' id='word_1_50' title='bbox 1686 1080 1719 1121; x_wconf 99' lang='lat' dir='ltr'><strong>e</strong></span> <span class='ocrx_word' id='word_1_51' title='bbox 1759 1059 2261 1139; x_wconf 85' lang='lat' dir='ltr'><strong>„percontabere“</strong></span> <span class='ocrx_word' id='word_1_52' title='bbox 2310 1059 2664 1140; x_wconf 82' lang='lat' dir='ltr'><strong>suppleatur</strong></span> 
     </span>
    </p>
   </div>
   <div class='ocr_carea' id='block_1_3' title="bbox 345 1167 2654 1356">
    <p class='ocr_par' dir='ltr' id='par_1_3' title="bbox 345 1167 2654 1356">
     <span class='ocr_line' id='line_1_8' title="bbox 345 1167 2654 1249; baseline 0.001 -21"><span class='ocrx_word' id='word_1_53' title='bbox 345 1177 466 1244; x_wconf 86' lang='lat' dir='ltr'><strong>„et</strong></span> <span class='ocrx_word' id='word_1_54' title='bbox 510 1168 696 1242; x_wconf 87' lang='lat' dir='ltr'><strong>disce,</strong></span> <span class='ocrx_word' id='word_1_55' title='bbox 754 1167 900 1249; x_wconf 87' lang='lat' dir='ltr'><strong>quid</strong></span> <span class='ocrx_word' id='word_1_56' title='bbox 942 1176 1001 1228; x_wconf 88' lang='lat' dir='ltr'><strong>te</strong></span> <span class='ocrx_word' id='word_1_57' title='bbox 1039 1167 1345 1247; x_wconf 90' lang='lat' dir='ltr'><strong>impediat,</strong></span> <span class='ocrx_word' id='word_1_58' title='bbox 1390 1168 1710 1247; x_wconf 89' lang='lat' dir='ltr'><strong>quominus</strong></span> <span class='ocrx_word' id='word_1_59' title='bbox 1752 1167 1925 1230; x_wconf 87' lang='lat' dir='ltr'><strong>beate</strong></span> <span class='ocrx_word' id='word_1_60' title='bbox 1969 1169 2167 1242; x_wconf 87' lang='lat' dir='ltr'><strong>vivas,</strong></span> <span class='ocrx_word' id='word_1_61' title='bbox 2222 1189 2366 1229; x_wconf 91' lang='lat' dir='ltr'><strong>num</strong></span> <span class='ocrx_word' id='word_1_62' title='bbox 2411 1177 2471 1229; x_wconf 89' lang='lat' dir='ltr'><strong>te</strong></span> <span class='ocrx_word' id='word_1_63' title='bbox 2506 1168 2654 1231; x_wconf 88' lang='lat' dir='ltr'><strong>etc.“</strong></span> 
     </span>
     <span class='ocr_line' id='line_1_9' title="bbox 348 1274 2219 1356; baseline 0 -18"><span class='ocrx_word' id='word_1_64' title='bbox 348 1276 446 1338; x_wconf 85' lang='lat' dir='ltr'><strong>cf.</strong></span> <span class='ocrx_word' id='word_1_65' title='bbox 494 1275 677 1337; x_wconf 84' lang='lat' dir='ltr'><strong>etiam</strong></span> <span class='ocrx_word' id='word_1_66' title='bbox 723 1275 1062 1339; x_wconf 91' lang='lat' dir='ltr'><strong>Obbarium</strong></span> <span class='ocrx_word' id='word_1_67' title='bbox 1105 1275 1168 1335; x_wconf 93' lang='lat' dir='ltr'><strong>in</strong></span> <span class='ocrx_word' id='word_1_68' title='bbox 1213 1275 1349 1337; x_wconf 91' lang='lat' dir='ltr'><strong>edit.</strong></span> <span class='ocrx_word' id='word_1_69' title='bbox 1395 1275 1569 1355; x_wconf 87' lang='lat' dir='ltr'><strong>epist.</strong></span> <span class='ocrx_word' id='word_1_70' title='bbox 1612 1274 1795 1350; x_wconf 87' lang='lat'>1847,</span> <span class='ocrx_word' id='word_1_71' title='bbox 1841 1276 1926 1351; x_wconf 88' lang='lat' dir='ltr'><strong>H,</strong></span> <span class='ocrx_word' id='word_1_72' title='bbox 1972 1296 2031 1356; x_wconf 90' lang='lat' dir='ltr'><strong>p.</strong></span> <span class='ocrx_word' id='word_1_73' title='bbox 2074 1275 2219 1338; x_wconf 82' lang='lat'><strong>465.</strong></span> 
     </span>
    </p>
   </div>
   <div class='ocr_carea' id='block_1_4' title="bbox 1139 1487 1896 1757">
    <p class='ocr_par' dir='ltr' id='par_1_4' title="bbox 1139 1487 1896 1757">
     <span class='ocr_line' id='line_1_10' title="bbox 1416 1487 1612 1569; baseline 0.015 -20"><span class='ocrx_word' id='word_1_74' title='bbox 1416 1487 1453 1569; x_wconf 61' lang='grc' dir='ltr'>ἓ</span> <span class='ocrx_word' id='word_1_75' title='bbox 1497 1489 1612 1552; x_wconf 85' lang='lat' dir='ltr'><strong>2b.</strong></span> 
     </span>
     <span class='ocr_line' id='line_1_11' title="bbox 1139 1636 1896 1757; baseline 0 -29"><span class='ocrx_word' id='word_1_76' title='bbox 1139 1639 1211 1729; x_wconf 81' lang='lat' dir='ltr'><strong>De</strong></span> <span class='ocrx_word' id='word_1_77' title='bbox 1264 1638 1515 1756; x_wconf 72' lang='lat' dir='ltr'><strong>particula</strong></span> <span class='ocrx_word' id='word_1_78' title='bbox 1570 1636 1896 1757; x_wconf 86' lang='lat' dir='ltr'><strong>„numquid’&#39;.</strong></span> 
     </span>
    </p>
   </div>
   <div class='ocr_carea' id='block_1_5' title="bbox 267 1822 2666 3416">
    <p class='ocr_par' dir='ltr' id='par_1_5' title="bbox 267 1822 2666 3416">
     <span class='ocr_line' id='line_1_12' title="bbox 578 1822 2661 1904; baseline 0.001 -20"><span class='ocrx_word' id='word_1_79' title='bbox 578 1823 964 1904; x_wconf 85' lang='lat' dir='ltr'><strong>„Numquid“</strong></span> <span class='ocrx_word' id='word_1_80' title='bbox 999 1832 1271 1886; x_wconf 84' lang='lat' dir='ltr'><strong>exortum</strong></span> <span class='ocrx_word' id='word_1_81' title='bbox 1302 1833 1394 1887; x_wconf 88' lang='lat' dir='ltr'><strong>est</strong></span> <span class='ocrx_word' id='word_1_82' title='bbox 1415 1846 1448 1886; x_wconf 94' lang='lat' dir='ltr'><strong>e</strong></span> <span class='ocrx_word' id='word_1_83' title='bbox 1476 1826 1696 1899; x_wconf 89' lang='lat' dir='ltr'><strong>„num“</strong></span> <span class='ocrx_word' id='word_1_84' title='bbox 1737 1822 2041 1904; x_wconf 87' lang='lat' dir='ltr'><strong>particula</strong></span> <span class='ocrx_word' id='word_1_85' title='bbox 2061 1823 2491 1904; x_wconf 86' lang='lat' dir='ltr'><strong>interrogativa</strong></span> <span class='ocrx_word' id='word_1_86' title='bbox 2527 1832 2587 1885; x_wconf 93' lang='lat' dir='ltr'><strong>et</strong></span> <span class='ocrx_word' id='word_1_87' title='bbox 2628 1847 2661 1887; x_wconf 93' lang='lat' dir='ltr'><strong>e</strong></span> 
     </span>
     <span class='ocr_line' id='line_1_13' title="bbox 353 1930 2658 2013; baseline 0 -22"><span class='ocrx_word' id='word_1_88' title='bbox 353 1930 603 2009; x_wconf 87' lang='lat' dir='ltr'><strong>„quid“,</strong></span> <span class='ocrx_word' id='word_1_89' title='bbox 647 1938 858 1992; x_wconf 90' lang='lat' dir='ltr'><strong>neutro</strong></span> <span class='ocrx_word' id='word_1_90' title='bbox 900 1952 1114 2011; x_wconf 85' lang='lat' dir='ltr'><strong>genere</strong></span> <span class='ocrx_word' id='word_1_91' title='bbox 1156 1933 1525 2013; x_wconf 90' lang='lat' dir='ltr'><strong>pronominis</strong></span> <span class='ocrx_word' id='word_1_92' title='bbox 1571 1931 1892 2005; x_wconf 90' lang='lat' dir='ltr'><strong>indefiniti,</strong></span> <span class='ocrx_word' id='word_1_93' title='bbox 1938 1931 2108 2011; x_wconf 87' lang='lat' dir='ltr'><strong>cujus</strong></span> <span class='ocrx_word' id='word_1_94' title='bbox 2151 1930 2244 1993; x_wconf 88' lang='lat' dir='ltr'><strong>vis</strong></span> <span class='ocrx_word' id='word_1_95' title='bbox 2290 1930 2487 1992; x_wconf 90' lang='lat' dir='ltr'><strong>adhuc</strong></span> <span class='ocrx_word' id='word_1_96' title='bbox 2528 1953 2658 2011; x_wconf 90' lang='lat' dir='ltr'><strong>per·</strong></span> 
     </span>
     <span class='ocr_line' id='line_1_14' title="bbox 267 2037 2657 2126; baseline 0.001 -27"><span class='ocrx_word' id='word_1_97' title='bbox 267 2062 279 2126; x_wconf 63' lang='lat' dir='ltr'><em>J</em></span> <span class='ocrx_word' id='word_1_98' title='bbox 356 2038 618 2118; x_wconf 82' lang='lat' dir='ltr'><strong>spicitur</strong></span> <span class='ocrx_word' id='word_1_99' title='bbox 636 2047 746 2100; x_wconf 89' lang='lat' dir='ltr'><strong>sat.</strong></span> <span class='ocrx_word' id='word_1_100' title='bbox 771 2039 821 2113; x_wconf 94' lang='lat' dir='ltr'><strong>I,</strong></span> <span class='ocrx_word' id='word_1_101' title='bbox 842 2039 901 2113; x_wconf 87' lang='lat'><strong>4,</strong></span> <span class='ocrx_word' id='word_1_102' title='bbox 926 2038 1079 2114; x_wconf 76' lang='lat'>1363</span> <span class='ocrx_word' id='word_1_103' title='bbox 1116 2039 1260 2103; x_wconf 93' lang='lat' dir='ltr'><strong>ibid.</strong></span> <span class='ocrx_word' id='word_1_104' title='bbox 1289 2042 1338 2115; x_wconf 96' lang='lat' dir='ltr'><strong>I,</strong></span> <span class='ocrx_word' id='word_1_105' title='bbox 1363 2040 1420 2115; x_wconf 89' lang='lat'><strong>9,</strong></span> <span class='ocrx_word' id='word_1_106' title='bbox 1445 2040 1511 2114; x_wconf 90' lang='lat'><strong>6;</strong></span> <span class='ocrx_word' id='word_1_107' title='bbox 1544 2040 1688 2101; x_wconf 90' lang='lat' dir='ltr'><strong>ibid.</strong></span> <span class='ocrx_word' id='word_1_108' title='bbox 1711 2041 1794 2115; x_wconf 89' lang='lat' dir='ltr'><strong>H,</strong></span> <span class='ocrx_word' id='word_1_109' title='bbox 1820 2037 1877 2114; x_wconf 84' lang='lat'><strong>6,</strong></span> <span class='ocrx_word' id='word_1_110' title='bbox 1900 2038 1982 2099; x_wconf 81' lang='lat'><strong>53</strong></span> <span class='ocrx_word' id='word_1_111' title='bbox 2016 2039 2117 2117; x_wconf 85' lang='lat' dir='ltr'><strong>(cf.</strong></span> <span class='ocrx_word' id='word_1_112' title='bbox 2147 2039 2232 2100; x_wconf 95' lang='lat' dir='ltr'><strong>M.</strong></span> <span class='ocrx_word' id='word_1_113' title='bbox 2259 2038 2657 2101; x_wconf 86' lang='lat' dir='ltr'><strong>Schmidtium</strong></span> 
     </span>
     <span class='ocr_line' id='line_1_15' title="bbox 355 2144 2661 2228; baseline 0.002 -22"><span class='ocrx_word' id='word_1_114' title='bbox 355 2146 405 2207; x_wconf 92' lang='lat'><strong>1.</strong></span> <span class='ocrx_word' id='word_1_115' title='bbox 453 2166 503 2207; x_wconf 93' lang='lat' dir='ltr'><strong>c.</strong></span> <span class='ocrx_word' id='word_1_116' title='bbox 549 2146 626 2206; x_wconf 91' lang='lat' dir='ltr'><strong>de</strong></span> <span class='ocrx_word' id='word_1_117' title='bbox 675 2147 1027 2226; x_wconf 92' lang='lat' dir='ltr'><strong>pronomine</strong></span> <span class='ocrx_word' id='word_1_118' title='bbox 1079 2169 1138 2227; x_wconf 93' lang='lat' dir='ltr'><strong>p.</strong></span> <span class='ocrx_word' id='word_1_119' title='bbox 1180 2147 1293 2223; x_wconf 81' lang='lat'><strong>56;</strong></span> <span class='ocrx_word' id='word_1_120' title='bbox 1349 2149 1744 2210; x_wconf 88' lang='lat' dir='ltr'><strong>Kuehnerum</strong></span> <span class='ocrx_word' id='word_1_121' title='bbox 1790 2147 1831 2209; x_wconf 94' lang='grc'><strong>1.</strong></span> <span class='ocrx_word' id='word_1_122' title='bbox 1873 2168 1919 2209; x_wconf 93' lang='lat' dir='ltr'><strong>c.</strong></span> <span class='ocrx_word' id='word_1_123' title='bbox 1964 2147 2032 2207; x_wconf 88' lang='lat' dir='ltr'>H</span> <span class='ocrx_word' id='word_1_124' title='bbox 2073 2168 2132 2227; x_wconf 91' lang='lat' dir='ltr'><strong>p.</strong></span> <span class='ocrx_word' id='word_1_125' title='bbox 2181 2144 2386 2228; x_wconf 88' lang='lat'>1009)</span> <span class='ocrx_word' id='word_1_126' title='bbox 2445 2147 2535 2208; x_wconf 89' lang='lat' dir='ltr'><strong>ita</strong></span> <span class='ocrx_word' id='word_1_127' title='bbox 2590 2157 2661 2210; x_wconf 89' lang='lat' dir='ltr'><strong>ut</strong></span> 
     </span>
     <span class='ocr_line' id='line_1_16' title="bbox 357 2251 2658 2331; baseline 0.002 -20"><span class='ocrx_word' id='word_1_128' title='bbox 357 2251 602 2312; x_wconf 88' lang='lat' dir='ltr'><strong>duobus</strong></span> <span class='ocrx_word' id='word_1_129' title='bbox 660 2272 692 2313; x_wconf 91' lang='lat' dir='ltr'><strong>e</strong></span> <span class='ocrx_word' id='word_1_130' title='bbox 734 2252 1047 2316; x_wconf 80' lang='lat' dir='ltr'><strong>vocabulis</strong></span> <span class='ocrx_word' id='word_1_131' title='bbox 1091 2274 1216 2314; x_wconf 90' lang='lat' dir='ltr'><strong>una</strong></span> <span class='ocrx_word' id='word_1_132' title='bbox 1257 2255 1422 2316; x_wconf 90' lang='lat' dir='ltr'><strong>notio</strong></span> <span class='ocrx_word' id='word_1_133' title='bbox 1479 2255 1789 2316; x_wconf 87' lang='lat' dir='ltr'><strong>efficiatur.</strong></span> <span class='ocrx_word' id='word_1_134' title='bbox 1878 2254 2022 2331; x_wconf 75' lang='lat' dir='ltr'><strong>Qua</strong></span> <span class='ocrx_word' id='word_1_135' title='bbox 2065 2254 2139 2315; x_wconf 90' lang='lat' dir='ltr'><strong>de</strong></span> <span class='ocrx_word' id='word_1_136' title='bbox 2197 2275 2383 2315; x_wconf 89' lang='lat' dir='ltr'><strong>causa</strong></span> <span class='ocrx_word' id='word_1_137' title='bbox 2437 2255 2658 2317; x_wconf 89' lang='lat' dir='ltr'><strong>rectius</strong></span> 
     </span>
     <span class='ocr_line' id='line_1_17' title="bbox 359 2359 2658 2444; baseline 0.003 -25"><span class='ocrx_word' id='word_1_138' title='bbox 359 2359 735 2439; x_wconf 90' lang='lat' dir='ltr'><strong>‚,numquid“</strong></span> <span class='ocrx_word' id='word_1_139' title='bbox 778 2381 898 2421; x_wconf 92' lang='lat' dir='ltr'><strong>non</strong></span> <span class='ocrx_word' id='word_1_140' title='bbox 945 2382 1127 2436; x_wconf 89' lang='lat' dir='ltr'><strong>„num</strong></span> <span class='ocrx_word' id='word_1_141' title='bbox 1172 2362 1370 2441; x_wconf 91' lang='lat' dir='ltr'><strong>quid“,</strong></span> <span class='ocrx_word' id='word_1_142' title='bbox 1430 2384 1553 2444; x_wconf 91' lang='lat' dir='ltr'><strong>qua</strong></span> <span class='ocrx_word' id='word_1_143' title='bbox 1607 2363 1904 2443; x_wconf 90' lang='lat' dir='ltr'><strong>scriptura</strong></span> <span class='ocrx_word' id='word_1_144' title='bbox 1946 2363 2295 2442; x_wconf 88' lang='lat' dir='ltr'><strong>Kruegerus</strong></span> <span class='ocrx_word' id='word_1_145' title='bbox 2355 2363 2418 2423; x_wconf 92' lang='lat' dir='ltr'><strong>in</strong></span> <span class='ocrx_word' id='word_1_146' title='bbox 2470 2384 2658 2444; x_wconf 89' lang='lat' dir='ltr'><strong>gram.</strong></span> 
     </span>
     <span class='ocr_line' id='line_1_18' title="bbox 360 2468 2659 2549; baseline 0.002 -21"><span class='ocrx_word' id='word_1_147' title='bbox 360 2468 476 2530; x_wconf 90' lang='lat' dir='ltr'><strong>lat.</strong></span> <span class='ocrx_word' id='word_1_148' title='bbox 521 2469 758 2549; x_wconf 89' lang='lat' dir='ltr'><strong>saepius</strong></span> <span class='ocrx_word' id='word_1_149' title='bbox 798 2470 1003 2545; x_wconf 87' lang='lat' dir='ltr'><strong>utitur,</strong></span> <span class='ocrx_word' id='word_1_150' title='bbox 1048 2471 1428 2533; x_wconf 88' lang='lat' dir='ltr'><strong>scribendum</strong></span> <span class='ocrx_word' id='word_1_151' title='bbox 1460 2481 1567 2535; x_wconf 89' lang='lat' dir='ltr'><strong>est.</strong></span> <span class='ocrx_word' id='word_1_152' title='bbox 1657 2473 1776 2537; x_wconf 84' lang='lat' dir='ltr'><strong>Sed</strong></span> <span class='ocrx_word' id='word_1_153' title='bbox 1820 2471 2205 2533; x_wconf 83' lang='lat' dir='ltr'><strong>memorabile</strong></span> <span class='ocrx_word' id='word_1_154' title='bbox 2238 2492 2383 2533; x_wconf 89' lang='lat' dir='ltr'><strong>sane</strong></span> <span class='ocrx_word' id='word_1_155' title='bbox 2418 2473 2659 2535; x_wconf 86' lang='lat' dir='ltr'><strong>videtur</strong></span> 
     </span>
     <span class='ocr_line' id='line_1_19' title="bbox 367 2575 2659 2661; baseline 0.002 -24"><span class='ocrx_word' id='word_1_156' title='bbox 367 2576 700 2638; x_wconf 88' lang='lat' dir='ltr'><strong>Horatium</strong></span> <span class='ocrx_word' id='word_1_157' title='bbox 761 2579 1144 2658; x_wconf 90' lang='lat' dir='ltr'><strong>‚,numquid“,</strong></span> <span class='ocrx_word' id='word_1_158' title='bbox 1191 2601 1310 2660; x_wconf 92' lang='lat' dir='ltr'><strong>quo</strong></span> <span class='ocrx_word' id='word_1_159' title='bbox 1359 2581 1749 2661; x_wconf 88' lang='lat' dir='ltr'><strong>interrogatio</strong></span> <span class='ocrx_word' id='word_1_160' title='bbox 1804 2580 1939 2641; x_wconf 90' lang='lat' dir='ltr'><strong>acui</strong></span> <span class='ocrx_word' id='word_1_161' title='bbox 1983 2578 2133 2640; x_wconf 91' lang='lat' dir='ltr'><strong>solet</strong></span> <span class='ocrx_word' id='word_1_162' title='bbox 2189 2575 2292 2661; x_wconf 87' lang='lat' dir='ltr'><strong>(cf.</strong></span> <span class='ocrx_word' id='word_1_163' title='bbox 2339 2580 2659 2642; x_wconf 84' lang='lat' dir='ltr'><strong>Handium</strong></span> 
     </span>
     <span class='ocr_line' id='line_1_20' title="bbox 363 2682 2661 2769; baseline 0.001 -24"><span class='ocrx_word' id='word_1_164' title='bbox 363 2685 538 2747; x_wconf 75' lang='lat' dir='ltr'><strong>TurS.</strong></span> <span class='ocrx_word' id='word_1_165' title='bbox 582 2684 697 2759; x_wconf 92' lang='lat' dir='ltr'><strong>IV,</strong></span> <span class='ocrx_word' id='word_1_166' title='bbox 741 2706 798 2765; x_wconf 90' lang='lat' dir='ltr'><strong>p.</strong></span> <span class='ocrx_word' id='word_1_167' title='bbox 844 2682 995 2767; x_wconf 80' lang='lat'><strong>324)</strong></span> <span class='ocrx_word' id='word_1_168' title='bbox 1053 2708 1175 2748; x_wconf 93' lang='lat' dir='ltr'><strong>non</strong></span> <span class='ocrx_word' id='word_1_169' title='bbox 1231 2687 1436 2749; x_wconf 91' lang='lat' dir='ltr'><strong>eadem</strong></span> <span class='ocrx_word' id='word_1_170' title='bbox 1494 2689 1726 2750; x_wconf 83' lang='lat' dir='ltr'><strong>ratione</strong></span> <span class='ocrx_word' id='word_1_171' title='bbox 1777 2708 1953 2748; x_wconf 90' lang='lat' dir='ltr'><strong>usum</strong></span> <span class='ocrx_word' id='word_1_172' title='bbox 2013 2708 2166 2762; x_wconf 88' lang='lat' dir='ltr'><strong>esse,</strong></span> <span class='ocrx_word' id='word_1_173' title='bbox 2226 2708 2348 2768; x_wconf 89' lang='lat' dir='ltr'><strong>qua</strong></span> <span class='ocrx_word' id='word_1_174' title='bbox 2402 2688 2661 2769; x_wconf 86' lang='lat' dir='ltr'><strong>simplici</strong></span> 
     </span>
     <span class='ocr_line' id='line_1_21' title="bbox 367 2792 2659 2875; baseline 0.003 -24"><span class='ocrx_word' id='word_1_175' title='bbox 367 2793 605 2867; x_wconf 86' lang='lat' dir='ltr'><strong>„num“.</strong></span> <span class='ocrx_word' id='word_1_176' title='bbox 694 2792 847 2853; x_wconf 84' lang='lat' dir='ltr'><strong>Cum</strong></span> <span class='ocrx_word' id='word_1_177' title='bbox 893 2794 1050 2855; x_wconf 90' lang='lat' dir='ltr'><strong>enim</strong></span> <span class='ocrx_word' id='word_1_178' title='bbox 1093 2796 1395 2875; x_wconf 88' lang='lat' dir='ltr'><strong>particula</strong></span> <span class='ocrx_word' id='word_1_179' title='bbox 1439 2798 1659 2872; x_wconf 89' lang='lat' dir='ltr'><strong>„num“</strong></span> <span class='ocrx_word' id='word_1_180' title='bbox 1703 2796 1765 2855; x_wconf 95' lang='lat' dir='ltr'><strong>in</strong></span> <span class='ocrx_word' id='word_1_181' title='bbox 1810 2795 2376 2875; x_wconf 86' lang='lat' dir='ltr'><strong>interrogationibus</strong></span> <span class='ocrx_word' id='word_1_182' title='bbox 2420 2796 2659 2859; x_wconf 89' lang='lat' dir='ltr'><strong>directis</strong></span> 
     </span>
     <span class='ocr_line' id='line_1_22' title="bbox 369 2890 2664 2984; baseline 0.001 -22"><span class='ocrx_word' id='word_1_183' title='bbox 369 2899 534 2980; x_wconf 88' lang='lat' dir='ltr'><strong>apud</strong></span> <span class='ocrx_word' id='word_1_184' title='bbox 574 2900 904 2962; x_wconf 85' lang='lat' dir='ltr'><strong>Horatium</strong></span> <span class='ocrx_word' id='word_1_185' title='bbox 962 2901 1050 2964; x_wconf 91' lang='lat' dir='ltr'><strong>ita</strong></span> <span class='ocrx_word' id='word_1_186' title='bbox 1092 2890 1435 2983; x_wconf 74' lang='lat' dir='ltr'><strong>usurpetur,</strong></span> <span class='ocrx_word' id='word_1_187' title='bbox 1481 2912 1551 2965; x_wconf 90' lang='lat' dir='ltr'><strong>ut</strong></span> <span class='ocrx_word' id='word_1_188' title='bbox 1604 2903 1911 2984; x_wconf 90' lang='lat' dir='ltr'><strong>responsio</strong></span> <span class='ocrx_word' id='word_1_189' title='bbox 1954 2903 2239 2983; x_wconf 86' lang='lat' dir='ltr'><strong>negativa</strong></span> <span class='ocrx_word' id='word_1_190' title='bbox 2285 2913 2664 2984; x_wconf 83' lang='lat' dir='ltr'><strong>exspectetur</strong></span> 
     </span>
     <span class='ocr_line' id='line_1_23' title="bbox 365 3008 2666 3092; baseline 0.003 -24"><span class='ocrx_word' id='word_1_191' title='bbox 365 3028 677 3087; x_wconf 90' lang='lat' dir='ltr'><strong>nunquam</strong></span> <span class='ocrx_word' id='word_1_192' title='bbox 723 3008 1105 3084; x_wconf 87' lang='lat' dir='ltr'><strong>affirmativa,</strong></span> <span class='ocrx_word' id='word_1_193' title='bbox 1150 3011 1446 3073; x_wconf 90' lang='lat' dir='ltr'><strong>vocabulo</strong></span> <span class='ocrx_word' id='word_1_194' title='bbox 1490 3011 1857 3092; x_wconf 91' lang='lat' dir='ltr'><strong>‚,numquid“</strong></span> <span class='ocrx_word' id='word_1_195' title='bbox 1884 3044 1967 3053; x_wconf 90' lang='lat'>—</span> <span class='ocrx_word' id='word_1_196' title='bbox 1991 3032 2114 3091; x_wconf 88' lang='lat' dir='ltr'><strong>qua</strong></span> <span class='ocrx_word' id='word_1_197' title='bbox 2147 3011 2344 3073; x_wconf 86' lang='lat' dir='ltr'><strong>forma</strong></span> <span class='ocrx_word' id='word_1_198' title='bbox 2387 3012 2666 3075; x_wconf 85' lang='lat' dir='ltr'><strong>adhibita</strong></span> 
     </span>
     <span class='ocr_line' id='line_1_24' title="bbox 369 3114 2663 3200; baseline 0.001 -22"><span class='ocrx_word' id='word_1_199' title='bbox 369 3114 561 3178; x_wconf 87' lang='lat' dir='ltr'><strong>vividi</strong></span> <span class='ocrx_word' id='word_1_200' title='bbox 610 3116 810 3178; x_wconf 88' lang='lat' dir='ltr'><strong>nescio</strong></span> <span class='ocrx_word' id='word_1_201' title='bbox 856 3117 1001 3196; x_wconf 90' lang='lat' dir='ltr'><strong>quid</strong></span> <span class='ocrx_word' id='word_1_202' title='bbox 1043 3118 1493 3199; x_wconf 88' lang='lat' dir='ltr'><strong>interrogationi</strong></span> <span class='ocrx_word' id='word_1_203' title='bbox 1539 3120 1873 3200; x_wconf 86' lang='lat' dir='ltr'><strong>aspergitur</strong></span> <span class='ocrx_word' id='word_1_204' title='bbox 1919 3155 1992 3166; x_wconf 83' lang='lat'><strong>-—-</strong></span> <span class='ocrx_word' id='word_1_205' title='bbox 2039 3140 2180 3182; x_wconf 90' lang='lat' dir='ltr'><strong>vera</strong></span> <span class='ocrx_word' id='word_1_206' title='bbox 2224 3120 2520 3182; x_wconf 86' lang='lat' dir='ltr'><strong>dubitatio</strong></span> <span class='ocrx_word' id='word_1_207' title='bbox 2565 3121 2663 3184; x_wconf 86' lang='lat' dir='ltr'><strong>vel</strong></span> 
     </span>
     <span class='ocr_line' id='line_1_25' title="bbox 366 3223 2663 3309; baseline 0.003 -27"><span class='ocrx_word' id='word_1_208' title='bbox 366 3223 711 3303; x_wconf 86' lang='lat' dir='ltr'><strong>ignorantia</strong></span> <span class='ocrx_word' id='word_1_209' title='bbox 771 3225 1153 3306; x_wconf 72' lang='lat' dir='ltr'><strong>exprimitur,</strong></span> <span class='ocrx_word' id='word_1_210' title='bbox 1216 3227 1396 3288; x_wconf 91' lang='lat' dir='ltr'><strong>immo</strong></span> <span class='ocrx_word' id='word_1_211' title='bbox 1462 3248 1585 3289; x_wconf 92' lang='lat' dir='ltr'><strong>uno</strong></span> <span class='ocrx_word' id='word_1_212' title='bbox 1643 3227 1774 3288; x_wconf 93' lang='lat' dir='ltr'><strong>loco</strong></span> <span class='ocrx_word' id='word_1_213' title='bbox 1830 3228 1914 3302; x_wconf 91' lang='lat' dir='ltr'><strong>is,</strong></span> <span class='ocrx_word' id='word_1_214' title='bbox 1974 3228 2078 3307; x_wconf 91' lang='lat' dir='ltr'><strong>qui</strong></span> <span class='ocrx_word' id='word_1_215' title='bbox 2133 3248 2241 3308; x_wconf 93' lang='lat' dir='ltr'><strong>per</strong></span> <span class='ocrx_word' id='word_1_216' title='bbox 2297 3229 2663 3309; x_wconf 90' lang='lat' dir='ltr'><strong>‚,numquid“</strong></span> 
     </span>
     <span class='ocr_line' id='line_1_26' title="bbox 372 3333 2490 3416; baseline 0.003 -23"><span class='ocrx_word' id='word_1_217' title='bbox 372 3333 624 3411; x_wconf 91' lang='lat' dir='ltr'><strong>quaerit,</strong></span> <span class='ocrx_word' id='word_1_218' title='bbox 668 3333 850 3394; x_wconf 88' lang='lat' dir='ltr'><strong>etiam</strong></span> <span class='ocrx_word' id='word_1_219' title='bbox 896 3333 1323 3398; x_wconf 86' lang='lat' dir='ltr'><strong>affirmativam</strong></span> <span class='ocrx_word' id='word_1_220' title='bbox 1363 3335 1809 3416; x_wconf 88' lang='lat' dir='ltr'><strong>responsionem</strong></span> <span class='ocrx_word' id='word_1_221' title='bbox 1855 3344 2197 3415; x_wconf 85' lang='lat' dir='ltr'><strong>exspectare</strong></span> <span class='ocrx_word' id='word_1_222' title='bbox 2240 3335 2490 3400; x_wconf 85' lang='lat' dir='ltr'><strong>videtur.</strong></span> 
     </span>
    </p>
   </div>
   <div class='ocr_carea' id='block_1_6' title="bbox 770 3551 2263 3762">
    <p class='ocr_par' dir='ltr' id='par_1_6' title="bbox 770 3551 2263 3762">
     <span class='ocr_line' id='line_1_27' title="bbox 1496 3551 1545 3614; baseline 0.061 -3"><span class='ocrx_word' id='word_1_223' title='bbox 1496 3551 1545 3614; x_wconf 94' lang='grc' dir='ltr'><strong>Ι.</strong></span> 
     </span>
     <span class='ocr_line' id='line_1_28' title="bbox 770 3673 2263 3762; baseline 0.002 -18"><span class='ocrx_word' id='word_1_224' title='bbox 770 3673 1199 3760; x_wconf 80' lang='lat' dir='ltr'><strong>Responsio</strong></span> <span class='ocrx_word' id='word_1_225' title='bbox 1240 3673 1704 3746; x_wconf 85' lang='lat' dir='ltr'><strong>affirmativa</strong></span> <span class='ocrx_word' id='word_1_226' title='bbox 1748 3677 2263 3762; x_wconf 80' lang='lat' dir='ltr'><strong>exspectatur.</strong></span> 
     </span>
    </p>
   </div>
   <div class='ocr_carea' id='block_1_7' title="bbox 372 3828 844 3905">
    <p class='ocr_par' dir='ltr' id='par_1_7' title="bbox 372 3828 844 3905">
     <span class='ocr_line' id='line_1_29' title="bbox 372 3828 844 3905; baseline -0.002 -14"><span class='ocrx_word' id='word_1_227' title='bbox 372 3838 485 3891; x_wconf 89' lang='lat' dir='ltr'><strong>sat.</strong></span> <span class='ocrx_word' id='word_1_228' title='bbox 527 3829 612 3905; x_wconf 93' lang='lat' dir='ltr'><strong>II,</strong></span> <span class='ocrx_word' id='word_1_229' title='bbox 661 3829 716 3904; x_wconf 91' lang='lat'><strong>6,</strong></span> <span class='ocrx_word' id='word_1_230' title='bbox 763 3828 844 3890; x_wconf 85' lang='lat'><strong>53</strong></span> 
     </span>
    </p>
   </div>
   <div class='ocr_carea' id='block_1_8' title="bbox 457 3936 2223 4125">
    <p class='ocr_par' dir='ltr' id='par_1_8' title="bbox 457 3936 2223 4125">
     <span class='ocr_line' id='line_1_30' title="bbox 457 3936 2223 4018; baseline 0.002 -21"><span class='ocrx_word' id='word_1_231' title='bbox 457 3936 770 4016; x_wconf 88' lang='lat' dir='ltr'><strong>Numquid</strong></span> <span class='ocrx_word' id='word_1_232' title='bbox 819 3936 895 3998; x_wconf 92' lang='lat' dir='ltr'><strong>de</strong></span> <span class='ocrx_word' id='word_1_233' title='bbox 936 3936 1123 3998; x_wconf 88' lang='lat' dir='ltr'><strong>Dacis</strong></span> <span class='ocrx_word' id='word_1_234' title='bbox 1170 3937 1434 3999; x_wconf 86' lang='lat' dir='ltr'><strong>audisti?</strong></span> <span class='ocrx_word' id='word_1_235' title='bbox 1479 3937 1625 4012; x_wconf 87' lang='lat' dir='ltr'><strong>„Nil</strong></span> <span class='ocrx_word' id='word_1_236' title='bbox 1669 3937 1980 4018; x_wconf 87' lang='lat' dir='ltr'><strong>equidem“</strong></span> <span class='ocrx_word' id='word_1_237' title='bbox 2022 3938 2115 4001; x_wconf 91' lang='lat' dir='ltr'><strong>Ut</strong></span> <span class='ocrx_word' id='word_1_238' title='bbox 2155 3946 2223 4000; x_wconf 87' lang='lat' dir='ltr'><strong>tu</strong></span> 
     </span>
     <span class='ocr_line' id='line_1_31' title="bbox 458 4044 1142 4125; baseline -0.004 -18"><span class='ocrx_word' id='word_1_239' title='bbox 458 4044 704 4125; x_wconf 86' lang='lat' dir='ltr'><strong>Semper</strong></span> <span class='ocrx_word' id='word_1_240' title='bbox 745 4044 859 4106; x_wconf 92' lang='lat' dir='ltr'><strong>eris</strong></span> <span class='ocrx_word' id='word_1_241' title='bbox 902 4044 1142 4106; x_wconf 85' lang='lat' dir='ltr'><strong>derisor.</strong></span> 
     </span>
    </p>
   </div>
   <div class='ocr_carea' id='block_1_9' title="bbox 374 4193 2665 4489">
    <p class='ocr_par' dir='ltr' id='par_1_9' title="bbox 374 4193 2665 4489">
     <span class='ocr_line' id='line_1_32' title="bbox 574 4193 2665 4275; baseline -0 -19"><span class='ocrx_word' id='word_1_242' title='bbox 574 4196 632 4256; x_wconf 88' lang='lat' dir='ltr'>E</span> <span class='ocrx_word' id='word_1_243' title='bbox 673 4194 871 4258; x_wconf 88' lang='lat' dir='ltr'><strong>verbis</strong></span> <span class='ocrx_word' id='word_1_244' title='bbox 916 4203 1034 4270; x_wconf 90' lang='lat' dir='ltr'><strong>,‚ut</strong></span> <span class='ocrx_word' id='word_1_245' title='bbox 1075 4203 1143 4255; x_wconf 90' lang='lat' dir='ltr'><strong>tu</strong></span> <span class='ocrx_word' id='word_1_246' title='bbox 1197 4214 1429 4274; x_wconf 88' lang='lat' dir='ltr'><strong>semper</strong></span> <span class='ocrx_word' id='word_1_247' title='bbox 1468 4193 1583 4255; x_wconf 91' lang='lat' dir='ltr'><strong>eris</strong></span> <span class='ocrx_word' id='word_1_248' title='bbox 1627 4194 1853 4255; x_wconf 91' lang='lat' dir='ltr'><strong>derisor</strong></span> <span class='ocrx_word' id='word_1_249' title='bbox 1864 4196 1897 4223; x_wconf 93' lang='lat'><strong>“</strong></span> <span class='ocrx_word' id='word_1_250' title='bbox 1955 4203 2208 4275; x_wconf 88' lang='lat' dir='ltr'><strong>apparet</strong></span> <span class='ocrx_word' id='word_1_251' title='bbox 2263 4193 2665 4257; x_wconf 88' lang='lat' dir='ltr'><strong>sciscitantem</strong></span> 
     </span>
     <span class='ocr_line' id='line_1_33' title="bbox 374 4300 2665 4383; baseline 0 -20"><span class='ocrx_word' id='word_1_252' title='bbox 374 4302 747 4382; x_wconf 87' lang='lat' dir='ltr'><strong>responsioni</strong></span> <span class='ocrx_word' id='word_1_253' title='bbox 784 4302 963 4363; x_wconf 89' lang='lat' dir='ltr'><strong>datae</strong></span> <span class='ocrx_word' id='word_1_254' title='bbox 1007 4301 1126 4376; x_wconf 91' lang='lat' dir='ltr'><strong>‚,nil</strong></span> <span class='ocrx_word' id='word_1_255' title='bbox 1156 4301 1467 4381; x_wconf 89' lang='lat' dir='ltr'><strong>equidem“</strong></span> <span class='ocrx_word' id='word_1_256' title='bbox 1510 4300 1685 4362; x_wconf 90' lang='lat' dir='ltr'><strong>fidem</strong></span> <span class='ocrx_word' id='word_1_257' title='bbox 1722 4322 1843 4362; x_wconf 92' lang='lat' dir='ltr'><strong>non</strong></span> <span class='ocrx_word' id='word_1_258' title='bbox 1874 4301 2112 4378; x_wconf 88' lang='lat' dir='ltr'><strong>habere,</strong></span> <span class='ocrx_word' id='word_1_259' title='bbox 2156 4324 2291 4364; x_wconf 91' lang='lat' dir='ltr'><strong>cum</strong></span> <span class='ocrx_word' id='word_1_260' title='bbox 2323 4303 2665 4383; x_wconf 86' lang='lat' dir='ltr'><strong>speraverit,</strong></span> 
     </span>
     <span class='ocr_line' id='line_1_34' title="bbox 379 4410 1916 4489; baseline 0.001 -19"><span class='ocrx_word' id='word_1_261' title='bbox 379 4410 641 4473; x_wconf 90' lang='lat' dir='ltr'><strong>alterum—</strong></span> <span class='ocrx_word' id='word_1_262' title='bbox 678 4410 1038 4473; x_wconf 87' lang='lat' dir='ltr'><strong>affirmativo</strong></span> <span class='ocrx_word' id='word_1_263' title='bbox 1084 4431 1261 4472; x_wconf 88' lang='lat' dir='ltr'><strong>sensu</strong></span> <span class='ocrx_word' id='word_1_264' title='bbox 1305 4429 1726 4489; x_wconf 87' lang='lat' dir='ltr'><strong>responsurum</strong></span> <span class='ocrx_word' id='word_1_265' title='bbox 1772 4430 1916 4472; x_wconf 89' lang='lat' dir='ltr'><strong>esse.</strong></span> 
     </span>
    </p>
   </div>
  </div>
 </body>
</html>
