3125 4900
1397 392 1482 403 .-.
1569 357 1655 419 26
1740 397 1825 406 ..-

464 528 636 611 epod.
679 527 739 604 6,
788 528 868 592 15

553 638 659 699 An
701 638 754 699 si
798 638 933 719 quis
978 647 1109 700 atro
1150 639 1327 700 dente
1362 659 1458 700 me
1496 638 1793 719 petiverit,

873 746 1116 809 Inultus
1155 755 1226 809 ut
1262 746 1416 808 flebo
1454 749 1647 828 puer?

466 882 638 965 epod.
687 882 782 958 17,
834 881 915 943 76

558 992 662 1052 An
706 1011 862 1070 quae
905 1011 1143 1053 movere
1186 1010 1384 1052 cereas
1432 990 1723 1071 imagines

557 1098 792 1160 Possim
840 1145 1377 1174 ..........

557 1206 792 1268 Plorem
832 1206 976 1267 artis
1020 1206 1083 1266 in
1127 1215 1190 1267 te
1228 1206 1316 1267 nil
1363 1206 1593 1286 agentis
1638 1205 1912 1266 exitum?

475 1336 588 1390 sat.
634 1328 684 1402 Ι,
735 1325 874 1401 1,76

562 1436 667 1497 An
712 1434 965 1515 vigilare
1004 1442 1168 1496 metu
1221 1433 1556 1495 exanimem
1601 1479 1918 1495 ......

562 1589 937 1606 .......
981 1542 1096 1603 hoc
1129 1543 1346 1622 juvat?

682 1667 1094 1748 Subsequente
1138 1665 1270 1727 loco
1317 1686 1356 1727 a
1393 1666 1693 1747 Kruegeri
1731 1665 1985 1727 lectione
2034 1674 2139 1740 „at
2179 1666 2231 1727 si
2275 1712 2289 1727 .
2334 1713 2349 1728 .
2396 1713 2410 1727 .
2454 1664 2606 1728 velis
2652 1710 2668 1725 .
2712 1710 2728 1725 .
2766 1710 2781 1725 .

480 1775 734 1855 perdas“
775 1775 985 1837 recedo
1026 1784 1088 1837 et
1123 1773 1484 1850 Bentleium,
1528 1775 1635 1855 qui
1947 1774 1952 1781 “

480 1913 593 1966 sat.
636 1904 687 1978 Ι,
735 1901 790 1978 1,
837 1902 919 1963 88

574 2012 695 2084 An,
743 2011 794 2071 si
835 2019 1141 2091 cognatos,
1183 2009 1354 2071 nullo
1398 2018 1621 2072 natura
1656 2010 1862 2072 labore

570 2121 742 2197 Quos
786 2119 898 2181 tibi
943 2119 1066 2193 dat,
1110 2119 1363 2181 retinere
1405 2119 1557 2182 velis
1603 2139 1958 2198 servareque
2001 2118 2242 2192 amicos,

572 2227 800 2289 Infelix
837 2248 1079 2308 operam
1123 2226 1382 2308 perdas?

489 2337 647 2409 „an“
671 2336 732 2394 in
757 2343 928 2396 textu
954 2336 1173 2416 posuit,
1211 2342 1526 2415 propterea
1547 2353 1777 2412 sequor,
1810 2332 1969 2412 quod
1998 2331 2209 2412 optimi
2237 2333 2469 2396 codices
2506 2334 2604 2396 hic
2634 2337 2788 2408 ,‚an“

492 2428 780 2507 exhibent
816 2443 916 2522 (ef.
961 2444 1190 2518 Keller,
1236 2443 1372 2523 epil.
1420 2442 1504 2516 11,
1548 2463 1607 2521 p.
1646 2439 1812 2519 429).
1899 2440 2113 2522 Neque
2138 2441 2296 2503 enim
2340 2442 2452 2504 ina
2492 2442 2792 2524 scriptura

489 2573 669 2615 sensu
727 2561 890 2615 caret
905 2600 921 2627 ,
985 2573 1194 2614 verum
1260 2551 1440 2613 etiam
1509 2549 1589 2611 ad
1645 2570 1868 2611 nexum
1930 2550 2249 2613 verborum
2316 2552 2792 2614 antecedentium

491 2660 716 2742 optime
750 2661 1026 2742 quadrat.
1115 2660 1304 2721 Poeta
1342 2660 1502 2720 enim
1552 2658 1702 2719 haec
1754 2657 1880 2721 fere
1912 2658 2060 2720 dicit
2114 2659 2277 2733 „noli
2339 2660 2573 2735 mirari,
2631 2660 2793 2740 quod

496 2789 772 2843 amorem,
813 2789 990 2849 quem
1034 2768 1147 2829 tibi
1169 2767 1478 2848 acquirere
1520 2786 1642 2827 non
1674 2765 1990 2841 studueris,
2025 2786 2148 2828 non
2188 2766 2492 2829 concilias.
2576 2769 2796 2847 Itaque

491 2896 682 2937 mores
727 2884 863 2937 tuos
910 2876 1136 2956 corrige
1174 2884 1234 2938 et
1271 2874 1400 2956 ipse
1442 2875 1713 2955 cognatis
1747 2894 2009 2935 amorem
2054 2873 2218 2936 affer.
2304 2874 2371 2936 Si
2413 2875 2527 2936 hoc
2564 2875 2793 2950 feceris,

496 3004 700 3045 omnes
743 2984 857 3045 tibi
896 2983 1174 3046 benevoli
1211 2992 1402 3046 erunt.
1493 2984 1598 3045 An
1642 2992 1821 3063 putas
1838 3030 1854 3057 ‚
1902 2983 2031 3045 fore
2072 2991 2142 3045 ut
2183 2983 2298 3045 hoc
2340 2983 2454 3044 tibi
2490 3004 2612 3044 non
2656 3003 2793 3044 con-

492 3093 689 3172 tingat
732 3100 793 3153 et
836 3090 913 3152 ob
958 3111 1091 3152 eam
1134 3112 1257 3153 rem
1301 3091 1515 3153 inutile
1557 3112 1702 3166 esse,
1740 3090 1929 3153 amori
1953 3090 2331 3171 impetrando
2380 3099 2436 3152 te
2478 3089 2715 3152 studere
2727 3091 2792 3151 ?“

493 3229 604 3283 sat.
650 3221 700 3295 I,
744 3219 802 3294 2,
848 3218 929 3281 59

1726 3305 1825 3366 An
1870 3303 1982 3366 tibi
2028 3304 2268 3367 abunde

585 3412 914 3474 Personam
957 3411 1104 3473 satis
1149 3421 1256 3487 est,
1303 3433 1424 3473 non
1469 3411 1641 3486 illud,
1687 3412 1979 3493 quidquid
2021 3411 2245 3492 ubique

583 3518 808 3595 officit,
855 3519 1126 3583 evitare?

499 3656 610 3710 sat.
650 3648 700 3721 I,
745 3647 804 3724 2,
846 3646 969 3709 103

1725 3734 1829 3796 An
1873 3732 1986 3795 tibi
2029 3732 2223 3794 mavis

586 3819 850 3881 Insidias
893 3821 1062 3883 fieri?

503 3936 614 3990 sat.
661 3928 712 4004 Ι,
747 3928 806 4003 4,
856 3928 979 3990 124

1319 4014 1423 4075 An
1468 4012 1583 4074 hoc
1627 4013 2007 4075 inhonestum
2053 4020 2113 4075 et
2141 4012 2354 4074 inutile
2395 4012 2564 4074 factu

587 4123 794 4186 Necne
837 4123 916 4186 sit
961 4122 1321 4185 addubites?

503 4241 616 4295 sat.
661 4232 712 4307 Ι,
754 4228 852 4304 10,
893 4231 975 4293 74

1727 4315 1832 4377 An
1874 4323 1986 4377 tua
2027 4315 2268 4378 demens

591 4426 839 4492 Vilibus
878 4425 940 4485 in
984 4423 1144 4487 ludis
1187 4422 1404 4488 dictari
1445 4423 1717 4485 carmina
1751 4422 1976 4487 malis?
