3125 4900
1343 339 1424 350 -.
1514 305 1600 369 60
1687 342 1765 354 .-

402 482 514 536 sat.
561 475 648 548 Π,
698 476 754 550 7,
800 473 884 536 40

486 583 583 643 Tu
628 605 762 643 cum
811 584 891 643 sis
938 584 1099 663 quod
1144 605 1251 664 ego
1293 594 1354 645 et
1398 585 1670 645 fortassis
1718 590 1985 666 nequior.
2034 592 2190 651 ultro

486 691 787 752 Insectere
829 689 999 752 velut
1038 692 1267 769 melior,
1312 692 1629 774 verbisque
1668 694 1897 756 decoris

484 798 799 862 Obvolvas
842 799 1104 862 vitium?
1709 777 1728 800 ⁶

399 928 570 1009 epist.
613 929 667 1006 Ι,
712 930 770 1006 7,
817 927 898 991 63

811 1036 1045 1116 „Neget
1087 1035 1191 1098 ille
1233 1035 1382 1096 mihi
1400 1037 1464 1098 ‘?“
1554 1037 1757 1117 Negat
1801 1038 2130 1118 improbuS.

400 1144 569 1224 epist.
614 1144 668 1220 Ι,
719 1142 819 1220 16,
867 1142 950 1204 38

487 1251 775 1313 Mordear
819 1250 1156 1333 opprobriis
1201 1250 1375 1311 falsis
1419 1260 1764 1332 mutemque
1808 1253 2080 1315 colores?

400 1359 572 1439 epist.
616 1359 705 1435 Π,
751 1357 812 1436 2,
853 1357 936 1420 86

484 1466 696 1529 Verba
734 1466 909 1547 lyrae
950 1473 1191 1528 motura
1233 1486 1446 1527 sonum
1492 1475 1798 1529 conectere
1841 1468 2094 1548 digner?

402 1574 574 1655 epist.
617 1575 705 1651 H,
753 1572 815 1651 2,
867 1571 989 1634 126

488 1681 892 1744 Praetulerim
937 1681 1193 1762 scriptor
1234 1679 1461 1742 delirus
1500 1680 1778 1761 inersque
1819 1683 2053 1745 v1deri?

613 1809 761 1871 Uno
816 1808 951 1869 loco
996 1816 1195 1870 exstat
1241 1809 1624 1871 accusativus
1678 1830 1815 1870 cum
1868 1811 2166 1874 infinitivo
2180 1857 2195 1888 ,
2251 1812 2326 1873 de
2368 1833 2487 1892 quo
2529 1813 2727 1875 inter-

404 1917 657 1997 rogandi
696 1937 913 1997 genere
945 1917 1023 1979 cf.
1047 1937 1137 1993 ea,
1177 1937 1332 1997 quae
1363 1938 1423 1996 p.
1447 1916 1527 1977 41
1564 1917 1693 1977 dixi
1725 1926 1785 1978 et
1808 1918 2144 1982 Kuehnast.
2180 1920 2282 1983 liv.
2316 1929 2471 2001 synt.
2502 1941 2559 2000 p.
2581 1921 2725 1983 246

401 2025 572 2106 epod.
620 2024 680 2103 8,
727 2025 759 2086 1

485 2135 725 2215 Rogare
767 2134 949 2214 longo
993 2132 1270 2214 putidam
1314 2141 1374 2194 te
1415 2133 1658 2194 saeculo

809 2242 979 2305 Viris
1024 2241 1172 2324 quid
1215 2249 1456 2305 enervet
1495 2243 1706 2304 meas?

1512 2450 1615 2518 B.

446 2603 1043 2675 Vocabulum
1089 2612 1388 2685 „non“
1434 2600 1859 2686 positum
1901 2604 2052 2671 est
2096 2600 2203 2670 in
2245 2600 2651 2694 interro-

466 2709 1025 2798 gationibus
1071 2723 1314 2795 quae
1350 2708 1858 2794 particulis
1901 2708 2646 2795 interrogativis

1373 2820 1734 2888 carent.

616 2958 722 3020 Ab
785 2956 1352 3037 interrogationibus
1397 2978 1503 3037 per
1538 2956 1813 3032 „nonne“
1852 2955 2127 3017 formatis
2165 2955 2346 3018 valde
2389 2955 2730 3020 abhorrent

415 3087 540 3141 eae,
585 3087 742 3146 quae
772 3073 1011 3127 tantum
1050 3066 1246 3140 „non“
1282 3065 1583 3127 exhibent.
1648 3064 1959 3125 Differunt
1984 3063 2142 3124 enim
2176 3084 2263 3140 eo,
2294 3064 2455 3144 quod
2482 3085 2726 3146 semper

413 3174 803 3254 proferuntur
846 3174 1074 3252 impetu
1119 3172 1381 3253 quodam
1424 3173 1523 3234 vel
1571 3173 1789 3233 affectu
1829 3171 2018 3232 animi
2058 3172 2164 3248 ita,
2211 3180 2283 3233 ut
2325 3181 2604 3233 accentus
2648 3175 2724 3234 in

413 3282 732 3361 negatione
769 3289 1051 3361 ponatur,
1097 3301 1291 3362 neque
1328 3281 1523 3341 ullum
1560 3281 1765 3342 inveni
1791 3279 1953 3360 apud
1979 3278 2310 3340 Horatium
2344 3280 2719 3359 exemplum,

405 3389 567 3469 quod
631 3389 709 3450 ab
771 3389 889 3450 hac
949 3388 1182 3450 ratione
1245 3387 1525 3450 recedens
1583 3408 1790 3450 veram
1856 3386 2387 3466 interrogationem
2443 3387 2717 3451 haberet.

407 3497 614 3577 Atque
666 3505 921 3558 utuntur
983 3498 1096 3559 hoc
1155 3497 1563 3576 interrogandi
1618 3517 1831 3576 genere
1887 3496 2051 3575 apud
2097 3495 2428 3557 Horatium
2485 3504 2591 3556 aut
2644 3497 2719 3574 ii,

411 3607 516 3687 qui
557 3606 1022 3686 interrogatione
1066 3627 1202 3667 cum
1245 3606 1659 3685 indignatione
1701 3604 1941 3684 prolata
1995 3603 2292 3680 indicant,
2354 3624 2417 3664 se
2466 3603 2724 3666 moleste

412 3715 569 3776 ferre
611 3714 773 3795 quod
829 3713 1060 3794 aliquid
1102 3713 1201 3776 vel
1260 3714 1339 3774 sit
1380 3712 1477 3775 vel
1523 3712 1658 3788 fiat,
1718 3720 1825 3772 aut
1880 3712 1955 3788 ii,
2013 3712 2117 3791 qui
2176 3711 2491 3788 mirantur,
2550 3714 2721 3792 quod

410 3822 563 3884 alter
606 3821 838 3903 aliquid
896 3842 1017 3883 non
1063 3821 1239 3898 facit,
1300 3843 1436 3883 cum
1496 3842 1693 3882 rerum
1750 3821 2020 3882 condicio
2078 3819 2371 3899 postulet,
2432 3829 2501 3881 ut
2557 3820 2721 3883 illud

409 3932 620 4008 faciat,
670 3930 1043 4010 alterumque
1086 3930 1510 4010 interrogando
1557 3929 1912 4010 gravissime
1957 3929 2372 4006 adhortantur,
2414 3938 2485 3989 ut
2525 3929 2724 3991 faciat

416 4039 588 4101 illud.
657 4039 799 4116 Quo
820 4038 999 4100 modo
1032 4038 1308 4116 efficitur,
1350 4047 1420 4099 ut
1452 4038 1755 4119 plerisque
1779 4037 2123 4119 hujusmodi
2147 4037 2721 4117 interrogationibus

413 4147 755 4210 adhortatio
799 4147 1096 4228 quaedam
1135 4147 1281 4208 insit
1325 4148 1401 4209 cf.
1444 4147 1788 4224 Raudium,
1837 4146 1875 4209 l.
1920 4168 1969 4208 c.
2014 4147 2130 4223 IV,
2170 4168 2230 4226 p.
2275 4144 2419 4208 309.
2508 4147 2722 4228 Atque

411 4257 476 4316 in
501 4264 708 4317 nostra
729 4254 941 4336 lingua
961 4255 1256 4317 eiusmodi
1274 4255 1768 4337 interrogationes
1787 4256 1875 4318 ita
1893 4256 2323 4336 exprimuntur,
2346 4264 2416 4318 ut
2431 4264 2717 4319 accentus

412 4362 476 4427 in
520 4362 836 4445 negatione
878 4370 1156 4447 ponatur.
