3125 4900
1436 374 1848 436 ..46-

505 566 700 626 neque
720 544 1098 625 grammatici
1131 545 1207 606 de
1231 567 1304 607 ea
1334 566 1399 608 re
1419 546 1721 608 disserunt
1755 548 1829 608 cf.
1857 548 2228 628 Draegerum
2272 546 2313 607 l.
2355 567 2404 607 c.
2447 548 2501 623 Ι,
2551 570 2609 629 p.
2647 547 2774 609 314
2784 571 2798 621 ;

511 653 848 729 Raudium,
892 654 929 713 l.
975 675 1022 715 c.
1069 654 1185 730 IV,
1226 675 1285 734 p.
1327 653 1472 716 318.
1559 654 1871 717 Kuehneri
1917 656 2157 736 quidem
2198 655 2478 735 opinione
2521 657 2563 719 l.
2600 677 2649 718 c.
2694 655 2800 716 ille

508 782 654 823 usus
698 762 1054 842 repetendus
1098 771 1188 824 est
1229 783 1305 823 ex
1340 763 1907 842 interrogationibus
1932 785 2068 825 cum
2093 763 2492 825 admiratione
2532 765 2799 844 quadam

508 869 704 943 dictis,
746 870 809 929 in
855 870 1073 949 quibus
1095 870 1167 947 is,
1212 871 1316 949 qui
1349 871 1696 949 interrogat,
1738 892 1863 932 rem
1904 871 1979 933 de
2017 892 2140 951 qua
2181 872 2510 951 quaeritur,
2556 873 2800 933 omnino

507 976 633 1037 fieri
687 997 864 1058 posse
921 977 1027 1039 vix
1080 978 1390 1040 existimet.
1504 978 1803 1058 Equidem
1857 999 1999 1041 vero
2055 1000 2093 1040 a
2157 978 2471 1040 Kuehneri
2522 980 2801 1059 opinione

508 1085 753 1156 recedo;
797 1106 941 1146 nam
982 1105 1199 1163 causa,
1255 1107 1361 1147 cur
1414 1106 1645 1165 semper
1705 1086 1991 1166 negativa
2042 1087 2346 1167 responsio
2402 1096 2797 1167 exspectetur,

509 1194 709 1274 potius
749 1194 814 1254 in
858 1193 1219 1275 etymologia
1260 1194 1460 1275 posita
1507 1214 1638 1255 esse
1678 1193 1827 1254 mihi
1871 1194 2138 1272 videtur,
2188 1194 2444 1257 etiamsi·
2466 1216 2628 1258 nunc
2670 1217 2800 1277 per-

508 1302 658 1382 spici
708 1323 830 1363 non
872 1310 1085 1382 potest.

1625 1429 1675 1492 I.

740 1551 1030 1638 „Num“
1075 1553 1156 1624 in
1197 1553 1809 1640 interrogatione
1854 1558 2073 1628 recta
2116 1554 2370 1642 posita
2417 1557 2559 1626 est.

1619 1706 1674 1770 1.

1296 1836 1522 1911 „Num“
1568 1838 1751 1900 semel
1795 1842 2011 1901 exstat.

504 1941 598 2003 od.
643 1941 694 2017 I,
735 1940 847 2017 24,
899 1940 977 2001 15

584 2050 788 2126 Quid?
827 2050 878 2110 si
916 2049 1189 2112 Threicio
1232 2050 1515 2113 blandius
1561 2051 1801 2132 Orpheo

591 2159 890 2220 Auditam
929 2159 1232 2221 moderere
1276 2159 1590 2221 arboribus
1630 2160 1840 2222 fidem:
1944 2244 1948 2248 ,

585 2266 752 2326 Num
797 2285 994 2328 vanae
1036 2265 1240 2355 redeat
1298 2268 1543 2347 sanguis
1590 2268 1879 2348 imagini?
1944 2268 2183 2328 Durum
2216 2261 2280 2347 ¹).

709 2451 749 2518 l)
789 2452 892 2505 Hic
924 2453 1211 2519 praemisso
1245 2453 1547 2521 pronomine
1576 2453 1769 2522 „quid“
1798 2471 1830 2508 a
1856 2470 1959 2522 quo
1984 2452 2329 2521 interrogatio
2365 2451 2568 2519 incipit,
2604 2455 2798 2516 „num“

502 2542 558 2594 in
615 2542 783 2595 altero
831 2543 1125 2596 sententiae
1178 2543 1551 2598 condicionalis
1596 2544 1826 2598 membro
1869 2545 2154 2611 usurpatur
2200 2558 2364 2610 aeque
2400 2557 2462 2596 ac
2498 2543 2598 2595 sat.
2641 2541 2711 2605 11,
2753 2542 2797 2604 1,

504 2634 585 2697 65,
624 2631 715 2685 ubi
757 2634 937 2699 „cum“
975 2632 1115 2686 idem
1149 2633 1294 2687 valet
1328 2650 1390 2687 ac
1429 2635 1558 2701 „si“.
1627 2634 1705 2689 Ac
1737 2634 1914 2702 plures
1949 2632 2213 2701 iidemque
2251 2632 2495 2685 meliores
2529 2631 2679 2686 codd.
2713 2648 2800 2685 ex-

505 2721 690 2776 hibent
728 2722 902 2791 „quid,
945 2724 1250 2776 si—-num“
1291 2724 1379 2792 (cf.
1421 2725 1691 2779 Kellerum
1740 2727 1795 2778 et
1824 2723 2036 2778 Holder.
2075 2722 2201 2776 edit.
2238 2723 2280 2787 I,
2314 2739 2363 2790 p.
2386 2722 2470 2786 40,
2513 2722 2798 2786 Kellerum‚

501 2812 620 2880 epil.
657 2814 700 2878 I,
736 2830 786 2881 p.
824 2814 965 2867 88—
984 2814 1090 2882 89.)
1142 2831 1310 2883 neque
1365 2814 1599 2869 dubitari
1645 2818 1852 2883 potest,
1897 2815 2027 2884 quin
2062 2830 2122 2868 ex
2162 2812 2245 2866 his
2292 2813 2467 2867 verbis
2520 2813 2800 2881 aptissima

505 2905 773 2958 sententia
810 2904 1086 2958 efficiatur.
1160 2906 1351 2974 Itaque
1398 2922 1502 2959 non
1562 2908 1645 2960 est
1696 2921 1857 2960 causa
1898 2921 1990 2959 cur
2044 2905 2098 2957 in
2144 2904 2255 2957 illis
2302 2903 2608 2958 haereamus
2651 2919 2800 2971 prae-

505 2993 687 3046 sertim
729 3009 850 3047 cum
886 2993 1067 3047 eadem
1109 2998 1378 3049 structura
1418 2995 1691 3049 verborum
1751 2997 1911 3051 etiam
1957 2995 2125 3048 altero
2171 2994 2289 3048 loco
2335 2993 2477 3062 apud
2515 2992 2797 3047 Horatium

503 3083 803 3137 inveniatur
839 3084 909 3152 (v.
948 3088 1128 3153 supra)
1169 3088 1224 3139 et
1259 3086 1420 3140 lectio
1470 3085 1600 3140 bene
1639 3085 1707 3139 ad
1741 3086 2038 3139 universam
2087 3084 2331 3139 carminis
2368 3084 2625 3138 rationem
2674 3098 2797 3137 con-

510 3173 731 3225 citatam
780 3173 1017 3242 quadret.
1090 3174 1234 3238 Quae
1291 3191 1409 3229 cum
1459 3177 1539 3230 ita
1578 3177 1712 3241 sint,
1754 3175 1972 3243 plurimi
2015 3174 2244 3228 editores
2294 3174 2444 3227 velut
2494 3172 2797 3237 Lambinus,

512 3263 769 3328 Ritterus,
807 3263 1259 3333 Dillenburgerus‚
1295 3265 1346 3318 N
1349 3266 1567 3322 auckius
1592 3266 1648 3319 in
1673 3266 1899 3320 lectione
1920 3263 2274 3333 compluribus
2308 3262 2574 3319 codicibus
2597 3261 2799 3316 tradita

508 3354 901 3421 acquieverunt,
956 3372 1273 3424 quamquam
1325 3374 1429 3410 non
1476 3356 1777 3421 defuerunt,
1820 3358 1911 3425 qui
1963 3358 2178 3409 auctore
2226 3354 2467 3408 Bentleio
2516 3368 2576 3407 ex
2620 3351 2798 3406 codice

505 3445 968 3513 Montepessulano
987 3445 1274 3502 scriberent
1301 3447 1474 3516 „quod
1503 3448 1548 3500 si
1567 3451 1795 3500 —non“.
1867 3446 1982 3510 Qua
2004 3446 2307 3515 conjectura
2329 3444 2456 3514 quid
2474 3442 2797 3511 proficiatur,

506 3550 610 3586 non
647 3535 918 3604 intellege.
989 3537 1065 3590 Et
1100 3535 1243 3604 quod
1273 3537 1528 3603 Orellius,
1564 3540 1630 3591 ut
1662 3553 1810 3592 suam
1842 3538 2119 3592 lectionem
2165 3535 2336 3605 „quod
2370 3536 2416 3588 si
2436 3535 2643 3586 —non“
2681 3548 2799 3587 sus-

501 3625 749 3689 tentaret,
789 3624 1021 3679 affirmat
1054 3625 1216 3695 „quid
1254 3627 1301 3680 si
1338 3628 1437 3680 etc.
1469 3629 1613 3682 esset
1649 3628 1979 3692 excitantis“‚
2017 3626 2171 3680 valde
2211 3626 2364 3680 errat.
2449 3624 2589 3678 Nam
2624 3622 2798 3677 Obba-

503 3714 614 3766 rius
647 3712 775 3768 haec
810 3715 1050 3783 exponit:
1108 3717 1242 3783 „mit
1283 3715 1400 3772 dem
1446 3716 1702 3772 indicativ
1754 3717 1845 3771 des
1892 3733 2139 3786 praesens
2195 3715 2495 3770 verbunden
2545 3713 2694 3768 dient
2739 3730 2796 3767 es

510 3807 715 3875 (nempe
749 3806 907 3874 „quid
943 3807 1046 3875 si“)
1096 3823 1190 3860 zur
1229 3808 1523 3878 einleitung
1563 3810 1705 3863 eines
1744 3809 2014 3877 austrages
2066 3807 2189 3861 oder
2224 3807 2366 3861 einer
2407 3803 2797 3873 aufforderung‚

509 3895 663 3950 deren
700 3895 996 3967 erfuellung
1049 3913 1170 3951 man
1205 3896 1480 3953 bestimmt
1518 3902 1762 3954 erwartet
1796 3902 1975 3967 (carm.
2021 3898 2130 3965 III,
2167 3898 2227 3963 9,
2264 3899 2361 3960 173
2416 3896 2509 3952 Cic
2557 3895 2625 3949 ad
2670 3895 2797 3949 fam.

504 3987 593 4052 VI,
623 3987 656 4039 4
691 3978 917 4055 quid,.si
954 3986 1053 4043 hoc
1077 3989 1271 4043 muto?
1306 3989 1413 4042 und
1449 3989 1568 4055 oft),
1605 3989 1880 4045 waehrend
1918 3988 2004 4042 bei
2042 3987 2160 4041 dem
2179 3986 2484 4055 conjunctiv
2521 3985 2655 4040 nach
2695 3985 2792 4039 den

505 4077 681 4146 folgen
715 4077 928 4147 gefragt
961 4078 1112 4144 wird,
1167 4078 1361 4135 welche
1415 4080 1675 4134 cintreten
1727 4078 1995 4144 wuerden,
2040 4094 2189 4132 wenn
2236 4076 2332 4131 das
2376 4077 2450 4130 im
2496 4076 2795 4146 fragesatze

505 4169 953 4238 ausgesprochene
989 4170 1044 4223 in
1081 4169 1378 4240 erfuellung
1413 4171 1598 4240 ginge3
1652 4187 1698 4223 z.
1733 4170 1784 4225 b.
1822 4169 1972 4224 ovid.
2008 4170 2132 4222 met.
2174 4168 2270 4233 IX,
2307 4169 2407 4222 327
2450 4168 2514 4223 f.:
2551 4168 2704 4233 Quid,
2746 4169 2794 4221 si

501 4258 604 4313 tibi
638 4260 772 4313 mira
801 4259 994 4313 sororis
1027 4259 1165 4315 Fata
1200 4276 1345 4315 meae
1382 4260 1601 4315 referam
1614 4260 1643 4313 '2’
1676 4276 1785 4314 was
1823 4258 2030 4314 wuerde
2063 4258 2370 4328 geschehen,
2412 4274 2559 4313 wenn
2599 4258 2685 4313 ich
2711 4258 2794 4312 dir

502 4350 601 4404 das
644 4349 977 4406 wunderbare
1016 4351 1249 4407 schickal
1280 4352 1475 4406 meiner
1524 4351 1810 4407 schweater
1845 4350 2175 4406 erzaehlte‘?“
2217 4365 2367 4404 serm.
2406 4350 2487 4415 Π,
2523 4352 2580 4414 7,
2621 4350 2689 4403 42
2725 4349 2762 4404 f.
2777 4370 2792 4414 ;

500 4440 654 4514 epist.
692 4440 734 4510 I,
770 4441 849 4508 16,
889 4441 937 4508 8,
977 4440 1089 4495 ibid
1123 4441 1224 4496 219
1259 4441 1295 4494 f.
1324 4442 1479 4511 epist.
1513 4441 1556 4508 I,
1595 4441 1674 4508 19,
1715 4441 1779 4495 12
1813 4440 1867 4495 ff.
1904 4470 1970 4479 —-
2008 4440 2093 4494 An
2119 4455 2331 4495 unserer
2348 4441 2506 4497 stelle
2540 4440 2616 4495 ist
2648 4439 2792 4496 dem-
