3125 4900
1287 361 1714 423 ...31—

1483 532 1535 594 Ι.

421 633 814 707 Particnla
858 636 1055 723 „ne“
1099 634 1433 708 inservit
1474 633 2075 722 interrogationi
2118 635 2583 708 formandae.

1476 745 1531 809 1.

545 852 1039 934 ‚interrogationes
1083 854 1359 937 particula
1404 856 1558 930 „ne“
1604 854 1969 918 introductae
2013 860 2147 918 sunt
2190 855 2470 920 directae.

1445 952 1560 1023 A.

563 1047 622 1108 E
662 1047 926 1128 genuina
967 1047 1231 1128 negandi
1272 1048 1337 1111 vi
1379 1070 1569 1111 causa
1618 1049 1949 1131 repetenda
2004 1057 2125 1125 est,
2186 1071 2293 1113 cur
2348 1073 2457 1133 per
2509 1055 2660 1128 „ne“

358 1153 665 1234 propriam
707 1155 1117 1236 interrogandi
1139 1156 1523 1236 particulam,
1568 1158 1922 1239 plerumque
1954 1158 2005 1219 is
2029 1166 2299 1238 quaerat,
2343 1160 2448 1240 qui
2494 1160 2665 1222 dubi-

360 1271 498 1323 tans
543 1262 643 1325 vel
683 1263 931 1343 ignarus
974 1284 1182 1327 revera
1227 1265 1444 1327 certior
1488 1266 1624 1329 vult
1679 1266 1805 1328 fieri
1851 1266 1925 1327 de
1969 1265 2179 1346 aliqua
2236 1287 2302 1328 re
2343 1288 2535 1348 neque
2578 1267 2666 1327 in-

360 1369 544 1444 dicat,
588 1378 791 1431 utrum
827 1370 1192 1432 affirmativa
1215 1393 1293 1431 an
1316 1373 1598 1453 negativa
1640 1373 1950 1454 responsio
1993 1381 2385 1453 exspectetur.
2474 1374 2665 1455 Cujus

361 1477 595 1558 generis
636 1478 913 1558 exempla
954 1479 1102 1540 haec
1139 1487 1283 1541 sunt

364 1594 481 1648 sat.
517 1585 602 1660 II,
639 1585 697 1660 3,
739 1585 819 1647 97

973 1672 1145 1749 Quas
1192 1668 1491 1754 (divitias)
1541 1671 1646 1753 qui
1696 1674 2113 1748 construxerit,
2155 1674 2263 1736 ille

448 1778 664 1840 Clarus
706 1779 832 1853 erit,
878 1779 1072 1857 fortiS‚
1110 1782 1332 1861 justus.
1422 1780 1874 1860 „Sapiensne?“
1964 1781 2188 1858 Etiam,
2231 1790 2292 1844 et
2334 1802 2440 1843 rex

449 1886 534 1947 Et
576 1886 868 1968 quidquid
910 1886 1090 1949 volet.

365 1994 494 2057 Sat.
541 1995 624 2069 II,
675 1995 731 2070 7,
776 1994 817 2055 2

978 2081 1315 2144 Davusne?
1362 2114 1443 2124 —
1488 2080 1606 2154 Ita,
1652 2079 1887 2142 Davus.

569 2189 960 2269 Quamquam
1006 2189 1200 2269 primo
1249 2187 1466 2250 obtutu
1508 2187 1685 2250 ncbis
1730 2187 1948 2250 mirum
2008 2209 2138 2251 esse
2195 2188 2463 2262 videtur,
2519 2188 2672 2268 ejus·
2724 2237 2737 2255 .

365 2295 531 2356 modi
574 2296 850 2377 exempla
905 2297 1067 2377 apud
1112 2297 1444 2359 Horatium
1501 2296 1713 2376 paucis
1768 2297 1915 2358 locis
1969 2296 2228 2359 inveniri
2245 2344 2260 2371 ,
2318 2304 2520 2358 tamen
2542 2343 2556 2369 ,
2622 2295 2673 2355 si

367 2405 709 2469 accuratius
753 2407 914 2469 hanc
956 2427 1079 2469 rem
1124 2405 1715 2481 consideraverimus,
1765 2426 2011 2468 causam
2070 2414 2130 2467 et
2170 2405 2233 2466 in
2273 2413 2494 2467 natura
2539 2401 2671 2464 Hc-

369 2514 512 2575 ratii
550 2523 610 2576 et
654 2514 718 2574 in
762 2514 1064 2577 scribendi
1106 2535 1321 2596 genere
1354 2515 1616 2595 positam
1642 2535 1772 2576 esse
1792 2514 1974 2576 facile
2000 2514 2430 2595 intellegemus.
2507 2512 2670 2573 Nam

366 2631 548 2703 poeta
589 2624 696 2703 qui
737 2644 929 2685 mores
991 2632 1299 2705 corruptos
1344 2623 1642 2703 castigare
1686 2631 1746 2685 et
1787 2624 2078 2703 corrigere
2120 2622 2359 2685 studeat
2376 2670 2390 2697 ,
2450 2621 2674 2701 ubique

372 2738 433 2791 et
476 2730 539 2790 in
583 2730 775 2812 lyrica
818 2740 878 2792 et
920 2732 983 2792 in
1027 2732 1330 2794 didactica
1371 2732 1539 2811 poesi
1585 2731 1788 2792 omnia
1836 2731 1914 2793 ad
1959 2752 2022 2792 se
2057 2731 2256 2811 ipsum
2299 2737 2560 2803 revocat,
2607 2736 2676 2789 ut

369 2839 554 2901 etiam
600 2839 1168 2920 interrogationibus
1211 2848 1446 2914 utatur,
1498 2860 1620 2900 non
1665 2848 1793 2900 tam
1836 2848 1906 2900 ut
1946 2840 2161 2901 certior
2198 2839 2305 2900 fiat
2355 2838 2430 2898 de
2473 2835 2680 2916 aliqua

372 2968 437 3009 re
483 2968 667 3028 quam
710 2955 781 3009 ut
822 2947 919 3009 vel
968 2969 1142 3009 suam
1200 2948 1391 3029 ipsius
1439 2948 1794 3010 sententiam
1839 2947 2259 3028 interrogando
2315 2945 2539 3007 indicet
2580 2943 2676 3006 vel

374 3057 652 3118 affectum
698 3055 999 3136 quendam
1042 3057 1357 3138 exprimat.

1484 3133 1581 3201 Β.

496 3241 507 3256 ·
582 3227 917 3308 Responsio
963 3248 1118 3308 quae
1156 3227 1528 3289 desideratur
1572 3236 1664 3289 est
1706 3228 2006 3308 negativa,
2053 3247 2189 3289 cum
2231 3225 2283 3286 is
2327 3223 2432 3305 qui
2480 3223 2677 3285 scisci-

380 3345 545 3398 tatur
587 3356 943 3417 persuasum
987 3335 1244 3409 habeat,
1292 3335 1641 3415 responderi
1685 3356 1805 3397 ncn
1849 3355 2024 3416 posse
2065 3334 2182 3395 nisi
2223 3332 2508 3413 negativa
2549 3352 2677 3392 sen-

377 3445 584 3506 tentia.
673 3446 891 3525 Itaque
932 3446 1079 3519 „ne“
1141 3464 1510 3523 quamquam
1571 3464 1693 3504 non
1751 3444 1908 3504 idem
1969 3442 2084 3503 sibi
2142 3441 2278 3504 vult
2327 3461 2398 3501 ac
2440 3441 2675 3515 ,‚num“,

374 3561 577 3615 tamen
639 3573 1074 3634 nonnunquam
1148 3550 1225 3611 ad
1299 3549 1792 3631 significationem
1849 3552 2028 3632 hujus
2104 3548 2439 3630 particulae
2492 3569 2677 3628 prope

379 3660 627 3722 accedit.
717 3661 927 3722 Ircnia
986 3659 1282 3740 quaedam
1330 3659 1486 3720 inest
1544 3659 1839 3740 ejusmodi
1883 3656 2449 3739 interrogationibus
2503 3676 2678 3736 prop-

378 3779 559 3844 terea,
605 3769 766 3849 quod
808 3769 860 3830 is
906 3769 1007 3848 qui
1053 3768 1303 3848 quaerit,
1341 3789 1477 3829 cum
1521 3768 1688 3829 haud
1730 3769 1990 3848 ignoret,
2036 3787 2298 3848 quonam
2340 3765 2517 3826 modo
2563 3763 2680 3824 sibi

377 3876 724 3957 responderi
777 3896 1016 3938 necesse
1061 3875 1155 3950 sit,
1202 3884 1404 3936 utrum
1451 3876 1815 3938 affirmativo
1869 3896 1947 3937 an
1992 3874 2273 3954 negativo
2290 3921 2304 3947 ‚
2358 3881 2559 3933 tamen
2615 3890 2678 3930 se

384 3984 582 4046 adhuc
627 3984 702 4046 de
742 3983 1124 4064 responsione
1175 3982 1453 4044 dubitare
1496 3983 1746 4045 simulat
1802 3981 1905 4063 (cf.
1956 3983 2349 4046 Kuehnerum
2401 3980 2442 4041 l.
2499 4000 2545 4042 c.
2592 3979 2676 4052 II,

376 4116 435 4174 p.
485 4091 668 4168 1003,
708 4091 750 4167 β
762 4115 777 4167 ;
823 4091 1140 4154 Handium
1184 4091 1225 4154 l.
1267 4112 1317 4166 c,
1363 4091 1479 4170 IV,
1524 4113 1584 4172 p.
1619 4091 1742 4170 75).

378 4210 489 4264 sat.
529 4203 582 4279 1,
627 4200 688 4279 2,
735 4200 856 4263 109

466 4309 724 4371 Hiscine
765 4307 1077 4371 versiculis
1126 4328 1331 4390 speras
1380 4307 1495 4370 tibi
1536 4327 1712 4388 posse
1749 4306 1983 4368 dolores

467 4466 727 4483 .....
727 4406 737 4418 ’
772 4416 1970 4500 ...........epectcretclli?
