3125 4900
1383 1062 1698 1158 Caput
1755 1062 1854 1137 II.

942 1240 1061 1318 De
1121 1236 1811 1346 interrogationibus
1871 1237 2329 1343 simplicibus.

686 1401 762 1462 In
836 1398 1116 1461 omnibus
1184 1397 1753 1479 interrogationibus
1844 1397 2233 1460 enuntiativis
2305 1398 2786 1475 disiunctionem,

483 1507 723 1570 etiamsi
765 1506 963 1570 verbis
1020 1526 1142 1567 non
1186 1504 1563 1586 exprimitur,
1610 1513 1813 1566 tamen
1856 1513 2055 1567 mente
2099 1505 2466 1567 reconditam
2507 1506 2786 1585 primitus

481 1614 672 1676 fuisse
702 1615 910 1696 liquet.
996 1615 1161 1676 Nam
1206 1614 1275 1688 is,
1320 1613 1424 1693 qui
1464 1612 1701 1693 quaerit
1716 1660 1732 1687 ,
1791 1621 1861 1675 ut
1902 1613 1978 1674 de
2022 1612 2232 1693 aliqua
2282 1634 2345 1674 re
2393 1614 2607 1676 certior
2661 1614 2787 1689 fiat,

486 1722 538 1783 si
576 1722 945 1786 disiunctiva
990 1721 1458 1802 interrogatione
1493 1720 1687 1782 utitur
1719 1729 1781 1783 et
1811 1721 1889 1783 ob
1929 1742 2060 1783 eam
2099 1742 2221 1783 rem
2256 1730 2578 1803 utrumque
2607 1743 2787 1784 mem·

485 1830 660 1892 brum
712 1831 913 1895 verbis
966 1830 1274 1912 exprimit,
1338 1830 1697 1910 interrogat,
1754 1838 1894 1891 utra
1944 1850 2020 1891 ex
2070 1829 2308 1892 duabus
2356 1830 2534 1893 rebus
2584 1831 2785 1893 dubiis

482 1939 609 2001 fieri
643 1940 852 2020 possit,
899 1939 951 2001 si
994 1938 1326 2019 simplicem
1366 1937 1896 2018 interrogationem
1936 1946 2205 2019 usurpat,
2255 1938 2488 2001 indicat
2532 1939 2785 2001 alteram

481 2068 605 2109 rem
651 2048 758 2110 vix
802 2048 928 2109 fieri
967 2067 1144 2127 posse
1186 2056 1246 2108 et
1289 2046 1365 2108 ob
1411 2067 1545 2107 eam
1600 2066 1847 2107 causam
1902 2045 2157 2108 alterum
2210 2047 2542 2108 membrum
2588 2048 2787 2129 oppri-

482 2154 609 2229 mit,
658 2176 1027 2237 quamquam
1065 2155 1238 2216 initio
1281 2155 1467 2217 menti
1511 2152 1964 2216 obversabatur.

1505 2371 1538 2440 ἓ
1591 2366 1648 2429 1.
1697 2387 1749 2430 a.

983 2517 1411 2636 Interrogationes
1463 2545 1495 2608 a
1547 2518 1799 2636 particula
1849 2523 1976 2625 ,‚ne“
2025 2519 2281 2636 incipiunt.

687 2680 784 2743 Ac
805 2681 1066 2761 primum
1106 2682 1346 2763 quidem
1369 2682 1689 2745 dicendum
1713 2683 1861 2743 mihi
1887 2691 1977 2745 est
2004 2683 2078 2744 de
2096 2683 2169 2743 iis
2198 2681 2784 2763 interrogationibuS,

480 2808 636 2869 quae
665 2810 702 2849 a
720 2792 868 2863 ,‚ne“
892 2790 1205 2871 incipiunt.
1253 2792 1429 2869 Quae
1445 2812 1568 2853 vox
1585 2791 1822 2852 etiamsi
1838 2791 2175 2871 quantitate
2192 2812 2229 2852 a
2247 2794 2396 2866 ,‚ne“
2415 2790 2786 2871 prohibitiva

485 2896 789 2978 particula
830 2897 1047 2972 differt,
1089 2908 1291 2961 tamen
1335 2900 1616 2980 primitus
1655 2920 1842 2959 unum
1888 2898 2165 2979 idemque
2206 2899 2568 2962 vocabulum
2601 2907 2785 2979 atque

481 3005 593 3068 illa
631 3005 768 3067 fuit.
856 3005 1187 3069 Derivatur
1224 3008 1380 3069 enim
1429 3016 1752 3088 utrumque
1796 3006 2158 3070 vocabulum
2204 3007 2283 3069 ab
2328 3007 2537 3069 eadem
2578 3006 2784 3067 radice

484 3113 839 3176 sanseritica
882 3116 1055 3189 ,‚ne“,
1099 3136 1255 3195 quae
1293 3115 1558 3196 aliquam
1607 3136 1729 3177 rem
1776 3116 1983 3195 negari
2014 3115 2312 3195 significat
2350 3115 2427 3177 of.
2457 3115 2779 3195 Boppium‚

479 3222 663 3302 vergl.
724 3243 912 3302 gram.
975 3223 1063 3285 II.
1121 3223 1260 3285 aufl.
1323 3225 1422 3298 II,
1480 3245 1539 3304 p.
1592 3222 1741 3297 1783
1788 3219 1914 3304 (=
1968 3244 2027 3303 p.
2071 3222 2457 3298 535-537,
2512 3224 2562 3284 Ι.
2613 3220 2781 3303 aufl.)

480 3330 750 3391 Pettium
768 3378 784 3404 ,
829 3329 1069 3411 etymol.
1125 3330 1345 3393 forsch.
1387 3352 1488 3412 pp.
1547 3330 1671 3393 381
1690 3380 1707 3407 ,
1768 3330 1920 3406 384,
1975 3330 2135 3404 420;
2193 3331 2467 3393 Curtium
2485 3377 2500 3405 ,
2559 3329 2781 3411 grund-

481 3458 662 3519 zuege
702 3438 807 3499 der
849 3437 1068 3518 griech.
1108 3447 1286 3520 etym.
1331 3440 1418 3502 II.
1460 3441 1599 3502 aufl.
1646 3437 1829 3515 1866,
1874 3461 1932 3520 p.
1974 3438 2120 3502 284.
2208 3438 2360 3502 Cum
2407 3447 2607 3500 autem
2648 3438 2780 3500 uni-

482 3545 694 3625 cuique
760 3545 1216 3626 interrogationi
1287 3547 1517 3628 aliquid
1591 3548 1903 3610 inhaereat
1971 3548 2306 3629 negationis
2374 3542 2478 3627 (cf.
2540 3546 2780 3608 Handii

480 3653 655 3715 TurS.
701 3654 817 3727 IV,
859 3674 918 3733 p.
968 3653 1086 3731 73),
1132 3663 1449 3735 propterea
1508 3656 1672 3736 quod
1734 3656 1785 3717 is
1830 3656 1935 3736 qui
1990 3656 2350 3737 interrogat,
2415 3664 2522 3718 aut
2571 3676 2782 3737 reapse

480 3762 541 3823 id
587 3762 747 3843 quod
795 3762 1135 3824 sciscitatur
1153 3811 1168 3838 ‚
1231 3764 1439 3839 nescit,
1503 3772 1611 3826 aut
1668 3773 1828 3826 certe
1887 3763 2116 3844 aliquid
2178 3784 2243 3826 se
2300 3763 2499 3825 adhuc
2553 3764 2782 3825 nescire

480 3870 758 3945 simulat,
802 3869 1033 3931 factum
1078 3879 1171 3933 est
1211 3880 1282 3934 ut
1329 3872 1534 3934 eadem
1578 3871 1880 3953 particula
1922 3872 2184 3933 Romani
2243 3879 2303 3934 et
2362 3872 2424 3932 in
2480 3872 2780 3953 negativis

479 3986 539 4040 et
573 3978 636 4038 in
679 3978 1120 4059 interrogativis
1162 3980 1489 4043 enuntiatis
1534 3989 1863 4044 uterentur.
1955 3980 2073 4043 Sed
2115 3979 2415 4061 paulatim
2460 3980 2781 4043 discrimen

483 4086 787 4167 quoddam
832 4086 988 4150 inter
1030 4086 1170 4148 illas
1212 4087 1542 4168 particulas
1587 4088 1920 4151 intercessit
1936 4110 1951 4162 ;
1997 4109 2139 4149 nam
2183 4089 2332 4163 ,‚ne“
2375 4088 2784 4169 interrogandi

477 4195 797 4276 particula,
841 4194 1164 4258 imminuta
1206 4196 1563 4276 quantitate,
1600 4197 1677 4259 cf.
1721 4196 2134 4271 Kuehnerum,
2179 4196 2218 4259 l.
2264 4217 2314 4259 c.
2359 4196 2443 4271 H,
2485 4217 2545 4277 p.
2591 4195 2781 4273 1002,

479 4312 716 4366 tantum
761 4303 1032 4366 enclitice
1076 4304 1132 4365 ei
1175 4303 1358 4368 verbo
1392 4304 1583 4367 affixa
1606 4314 1714 4382 est,
1761 4305 1922 4390 quod
1953 4325 2131 4367 sensu
2173 4303 2355 4368 etictu
2385 4303 2785 4384 praevalebat

481 4411 543 4477 in
584 4411 881 4479 sententia
923 4411 1024 4493 (cf.
1068 4432 1213 4476 num
1256 4420 1317 4478 et
1359 4412 1564 4494 nunc).
