<?xml version="1.0" encoding="UTF-8"?>
<!DOCTYPE html PUBLIC "-//W3C//DTD XHTML 1.0 Transitional//EN"
    "http://www.w3.org/TR/xhtml1/DTD/xhtml1-transitional.dtd">
<html xmlns="http://www.w3.org/1999/xhtml" xml:lang="en" lang="en">
 <head>
  <title>
</title>
<meta http-equiv="Content-Type" content="text/html;charset=utf-8" />
  <meta name='ocr-system' content='tesseract 3.04.00' />
  <meta name='ocr-capabilities' content='ocr_page ocr_carea ocr_par ocr_line ocrx_word'/>
</head>
<body>
  <div class='ocr_page' id='page_1' title='image "./deinterrogation00grabgoog_0048.png"; bbox 0 0 3125 4900; ppageno 0'>
   <div class='ocr_carea' id='block_1_1' title="bbox 446 484 2751 1747">
    <p class='ocr_par' dir='ltr' id='par_1_1' title="bbox 446 484 1994 781">
     <span class='ocr_line' id='line_1_1' title="bbox 446 484 933 563; baseline -0.01 -13"><span class='ocrx_word' id='word_1_1' title='bbox 446 496 557 549; x_wconf 87' lang='lat' dir='ltr'>sat.</span> <span class='ocrx_word' id='word_1_2' title='bbox 603 486 690 563; x_wconf 88' lang='lat' dir='ltr'>H,</span> <span class='ocrx_word' id='word_1_3' title='bbox 735 484 804 563; x_wconf 83' lang='lat'>5,</span> <span class='ocrx_word' id='word_1_4' title='bbox 851 484 933 546; x_wconf 85' lang='lat'>42</span> 
     </span>
     <span class='ocr_line' id='line_1_2' title="bbox 533 593 1473 669; baseline -0.003 -13"><span class='ocrx_word' id='word_1_5' title='bbox 533 595 750 656; x_wconf 83' lang='lat' dir='ltr'>Nonne</span> <span class='ocrx_word' id='word_1_6' title='bbox 795 593 993 669; x_wconf 90' lang='lat' dir='ltr'>vides,</span> <span class='ocrx_word' id='word_1_7' title='bbox 1048 638 1473 654; x_wconf 86' lang='grc'><strong>........</strong></span> 
     </span>
     <span class='ocr_line' id='line_1_3' title="bbox 533 699 1994 781; baseline -0.003 -16"><span class='ocrx_word' id='word_1_8' title='bbox 533 750 548 765; x_wconf 93' lang='grc'><strong>.</strong></span> <span class='ocrx_word' id='word_1_9' title='bbox 592 749 607 764; x_wconf 93' lang='grc'><strong>.</strong></span> <span class='ocrx_word' id='word_1_10' title='bbox 651 749 665 763; x_wconf 93' lang='grc'><strong>.</strong></span> <span class='ocrx_word' id='word_1_11' title='bbox 703 710 773 762; x_wconf 91' lang='lat' dir='ltr'>ut</span> <span class='ocrx_word' id='word_1_12' title='bbox 806 701 1061 781; x_wconf 90' lang='lat' dir='ltr'>patiens,</span> <span class='ocrx_word' id='word_1_13' title='bbox 1107 708 1178 761; x_wconf 90' lang='lat' dir='ltr'>ut</span> <span class='ocrx_word' id='word_1_14' title='bbox 1215 699 1425 760; x_wconf 87' lang='lat' dir='ltr'>amicis</span> <span class='ocrx_word' id='word_1_15' title='bbox 1476 708 1674 779; x_wconf 73' lang='lat' dir='ltr'>aptuS,</span> <span class='ocrx_word' id='word_1_16' title='bbox 1713 708 1783 760; x_wconf 92' lang='lat' dir='ltr'>ut</span> <span class='ocrx_word' id='word_1_17' title='bbox 1822 702 1994 761; x_wconf 85' lang='lat' dir='ltr'>acer?</span> 
     </span>
    </p>

    <p class='ocr_par' dir='ltr' id='par_1_2' title="bbox 449 807 2751 1534">
     <span class='ocr_line' id='line_1_4' title="bbox 654 807 2742 888; baseline -0 -17"><span class='ocrx_word' id='word_1_18' title='bbox 654 810 755 871; x_wconf 82' lang='lat' dir='ltr'>Ex</span> <span class='ocrx_word' id='word_1_19' title='bbox 825 808 920 870; x_wconf 90' lang='lat' dir='ltr'>his</span> <span class='ocrx_word' id='word_1_20' title='bbox 989 807 1281 887; x_wconf 84' lang='lat' dir='ltr'>exemplis</span> <span class='ocrx_word' id='word_1_21' title='bbox 1345 815 1631 886; x_wconf 90' lang='lat' dir='ltr'>apparet,</span> <span class='ocrx_word' id='word_1_22' title='bbox 1699 807 2028 868; x_wconf 81' lang='lat' dir='ltr'><strong>Horatium</strong></span> <span class='ocrx_word' id='word_1_23' title='bbox 2095 809 2397 888; x_wconf 89' lang='lat' dir='ltr'>particula</span> <span class='ocrx_word' id='word_1_24' title='bbox 2462 810 2742 885; x_wconf 83' lang='lat' dir='ltr'>„nonne“</span> 
     </span>
     <span class='ocr_line' id='line_1_5' title="bbox 449 915 2746 996; baseline -0 -19"><span class='ocrx_word' id='word_1_25' title='bbox 449 938 584 978; x_wconf 87' lang='lat' dir='ltr'>raro</span> <span class='ocrx_word' id='word_1_26' title='bbox 646 938 822 978; x_wconf 92' lang='lat' dir='ltr'>usum</span> <span class='ocrx_word' id='word_1_27' title='bbox 878 936 1023 978; x_wconf 88' lang='lat' dir='ltr'>esse.</span> <span class='ocrx_word' id='word_1_28' title='bbox 1124 915 1379 995; x_wconf 82' lang='lat' dir='ltr'>Saepius</span> <span class='ocrx_word' id='word_1_29' title='bbox 1441 915 1604 995; x_wconf 90' lang='lat' dir='ltr'>apud</span> <span class='ocrx_word' id='word_1_30' title='bbox 1659 935 1792 976; x_wconf 90' lang='lat' dir='ltr'>eum</span> <span class='ocrx_word' id='word_1_31' title='bbox 1852 916 2154 980; x_wconf 90' lang='lat' dir='ltr'>invenitur</span> <span class='ocrx_word' id='word_1_32' title='bbox 2213 916 2436 993; x_wconf 85' lang='lat' dir='ltr'>„non“,</span> <span class='ocrx_word' id='word_1_33' title='bbox 2488 916 2746 996; x_wconf 81' lang='lat' dir='ltr'>simplex</span> 
     </span>
     <span class='ocr_line' id='line_1_6' title="bbox 450 1022 2748 1105; baseline 0 -20"><span class='ocrx_word' id='word_1_34' title='bbox 450 1025 711 1105; x_wconf 91' lang='lat' dir='ltr'>negandi</span> <span class='ocrx_word' id='word_1_35' title='bbox 791 1023 1123 1105; x_wconf 87' lang='lat' dir='ltr'>particula,</span> <span class='ocrx_word' id='word_1_36' title='bbox 1201 1044 1323 1103; x_wconf 91' lang='lat' dir='ltr'>qua</span> <span class='ocrx_word' id='word_1_37' title='bbox 1390 1022 1776 1103; x_wconf 80' lang='lat' dir='ltr'>interrogatio</span> <span class='ocrx_word' id='word_1_38' title='bbox 1833 1023 1896 1084; x_wconf 93' lang='lat' dir='ltr'>vi</span> <span class='ocrx_word' id='word_1_39' title='bbox 1956 1024 2220 1104; x_wconf 90' lang='lat' dir='ltr'>quadam</span> <span class='ocrx_word' id='word_1_40' title='bbox 2285 1025 2510 1104; x_wconf 89' lang='lat' dir='ltr'>majore</span> <span class='ocrx_word' id='word_1_41' title='bbox 2566 1034 2748 1103; x_wconf 84' lang='lat' dir='ltr'>atque</span> 
     </span>
     <span class='ocr_line' id='line_1_7' title="bbox 453 1130 2749 1211; baseline -0.001 -18"><span class='ocrx_word' id='word_1_42' title='bbox 453 1132 672 1193; x_wconf 85' lang='lat' dir='ltr'>affectu</span> <span class='ocrx_word' id='word_1_43' title='bbox 719 1131 1030 1211; x_wconf 87' lang='lat' dir='ltr'>profertur.</span> <span class='ocrx_word' id='word_1_44' title='bbox 1118 1130 1306 1211; x_wconf 85' lang='lat' dir='ltr'>Cujus</span> <span class='ocrx_word' id='word_1_45' title='bbox 1351 1130 1438 1191; x_wconf 92' lang='lat' dir='ltr'>rei</span> <span class='ocrx_word' id='word_1_46' title='bbox 1483 1151 1728 1191; x_wconf 87' lang='lat' dir='ltr'>causam</span> <span class='ocrx_word' id='word_1_47' title='bbox 1774 1150 1850 1191; x_wconf 86' lang='lat' dir='ltr'>ex</span> <span class='ocrx_word' id='word_1_48' title='bbox 1903 1130 2090 1192; x_wconf 91' lang='lat' dir='ltr'>alacri</span> <span class='ocrx_word' id='word_1_49' title='bbox 2135 1131 2570 1192; x_wconf 87' lang='lat' dir='ltr'>sermocinandi</span> <span class='ocrx_word' id='word_1_50' title='bbox 2629 1151 2749 1210; x_wconf 92' lang='lat' dir='ltr'>quo</span> 
     </span>
     <span class='ocr_line' id='line_1_8' title="bbox 451 1236 2751 1319; baseline 0 -20"><span class='ocrx_word' id='word_1_51' title='bbox 451 1245 632 1319; x_wconf 70' lang='lat' dir='ltr'>poeta</span> <span class='ocrx_word' id='word_1_52' title='bbox 685 1238 874 1299; x_wconf 90' lang='lat' dir='ltr'>utitur</span> <span class='ocrx_word' id='word_1_53' title='bbox 919 1257 1151 1317; x_wconf 82' lang='lat' dir='ltr'>genere,</span> <span class='ocrx_word' id='word_1_54' title='bbox 1195 1237 1580 1318; x_wconf 86' lang='lat' dir='ltr'>repetendam</span> <span class='ocrx_word' id='word_1_55' title='bbox 1625 1257 1755 1298; x_wconf 88' lang='lat' dir='ltr'>esse</span> <span class='ocrx_word' id='word_1_56' title='bbox 1794 1238 2018 1317; x_wconf 86' lang='lat' dir='ltr'>judico.</span> <span class='ocrx_word' id='word_1_57' title='bbox 2106 1237 2311 1317; x_wconf 85' lang='lat' dir='ltr'>Atque</span> <span class='ocrx_word' id='word_1_58' title='bbox 2360 1238 2541 1299; x_wconf 90' lang='lat' dir='ltr'>etiam</span> <span class='ocrx_word' id='word_1_59' title='bbox 2588 1236 2751 1318; x_wconf 87' lang='lat' dir='ltr'>apud</span> 
     </span>
     <span class='ocr_line' id='line_1_9' title="bbox 453 1344 2751 1427; baseline -0 -20"><span class='ocrx_word' id='word_1_60' title='bbox 453 1346 681 1427; x_wconf 90' lang='lat' dir='ltr'>priscos</span> <span class='ocrx_word' id='word_1_61' title='bbox 727 1353 937 1425; x_wconf 89' lang='lat' dir='ltr'>poetas</span> <span class='ocrx_word' id='word_1_62' title='bbox 986 1345 1205 1406; x_wconf 90' lang='lat' dir='ltr'>latinos</span> <span class='ocrx_word' id='word_1_63' title='bbox 1246 1346 1336 1407; x_wconf 91' lang='lat' dir='ltr'>ita</span> <span class='ocrx_word' id='word_1_64' title='bbox 1376 1366 1500 1407; x_wconf 91' lang='lat' dir='ltr'>rem</span> <span class='ocrx_word' id='word_1_65' title='bbox 1544 1366 1608 1405; x_wconf 91' lang='lat' dir='ltr'>se</span> <span class='ocrx_word' id='word_1_66' title='bbox 1653 1344 1872 1406; x_wconf 87' lang='lat' dir='ltr'>habere</span> <span class='ocrx_word' id='word_1_67' title='bbox 1912 1344 1989 1406; x_wconf 92' lang='lat' dir='ltr'>ab</span> <span class='ocrx_word' id='word_1_68' title='bbox 2036 1344 2306 1422; x_wconf 89' lang='lat' dir='ltr'>Holtzio,</span> <span class='ocrx_word' id='word_1_69' title='bbox 2350 1354 2546 1425; x_wconf 69' lang='lat' dir='ltr'>„synt</span> <span class='ocrx_word' id='word_1_70' title='bbox 2573 1345 2751 1425; x_wconf 88' lang='lat' dir='ltr'>prisc.</span> 
     </span>
     <span class='ocr_line' id='line_1_10' title="bbox 454 1450 1806 1534; baseline -0.001 -18"><span class='ocrx_word' id='word_1_71' title='bbox 454 1475 514 1534; x_wconf 89' lang='lat' dir='ltr'>p.</span> <span class='ocrx_word' id='word_1_72' title='bbox 544 1451 690 1529; x_wconf 86' lang='lat'>268,</span> <span class='ocrx_word' id='word_1_73' title='bbox 747 1451 824 1514; x_wconf 90' lang='grc'>19</span> <span class='ocrx_word' id='word_1_74' title='bbox 868 1461 929 1514; x_wconf 91' lang='lat' dir='ltr'>et</span> <span class='ocrx_word' id='word_1_75' title='bbox 973 1450 1118 1529; x_wconf 84' lang='lat'>249,</span> <span class='ocrx_word' id='word_1_76' title='bbox 1156 1454 1196 1513; x_wconf 94' lang='lat' dir='ltr'>d</span> <span class='ocrx_word' id='word_1_77' title='bbox 1240 1453 1656 1514; x_wconf 89' lang='lat' dir='ltr'>confirmatum</span> <span class='ocrx_word' id='word_1_78' title='bbox 1700 1461 1806 1514; x_wconf 88' lang='lat' dir='ltr'>est.</span> 
     </span>
    </p>

    <p class='ocr_par' dir='ltr' id='par_1_3' title="bbox 458 1558 2751 1747">
     <span class='ocr_line' id='line_1_11' title="bbox 659 1558 2751 1640; baseline 0 -21"><span class='ocrx_word' id='word_1_79' title='bbox 659 1560 737 1619; x_wconf 90' lang='lat' dir='ltr'>In</span> <span class='ocrx_word' id='word_1_80' title='bbox 800 1558 1370 1639; x_wconf 83' lang='lat' dir='ltr'>interrogationibus</span> <span class='ocrx_word' id='word_1_81' title='bbox 1443 1559 1704 1640; x_wconf 80' lang='lat' dir='ltr'>obliquis</span> <span class='ocrx_word' id='word_1_82' title='bbox 1774 1559 1936 1639; x_wconf 89' lang='lat' dir='ltr'>apud</span> <span class='ocrx_word' id='word_1_83' title='bbox 1987 1559 2316 1620; x_wconf 82' lang='lat' dir='ltr'>Horatium</span> <span class='ocrx_word' id='word_1_84' title='bbox 2385 1559 2751 1640; x_wconf 83' lang='lat' dir='ltr'>particulam</span> 
     </span>
     <span class='ocr_line' id='line_1_12' title="bbox 458 1665 2022 1747; baseline 0.001 -21"><span class='ocrx_word' id='word_1_85' title='bbox 458 1666 734 1743; x_wconf 80' lang='lat' dir='ltr'>„nonne“</span> <span class='ocrx_word' id='word_1_86' title='bbox 780 1687 899 1728; x_wconf 94' lang='lat' dir='ltr'>non</span> <span class='ocrx_word' id='word_1_87' title='bbox 942 1667 1144 1730; x_wconf 91' lang='lat' dir='ltr'>inveni</span> <span class='ocrx_word' id='word_1_88' title='bbox 1186 1668 1262 1729; x_wconf 88' lang='lat' dir='ltr'>cf.</span> <span class='ocrx_word' id='word_1_89' title='bbox 1300 1667 1586 1747; x_wconf 89' lang='lat' dir='ltr'>Draeger.</span> <span class='ocrx_word' id='word_1_90' title='bbox 1637 1667 1724 1743; x_wconf 86' lang='grc' dir='ltr'>ΙΙ,</span> <span class='ocrx_word' id='word_1_91' title='bbox 1772 1688 1831 1746; x_wconf 88' lang='lat' dir='ltr'>p.</span> <span class='ocrx_word' id='word_1_92' title='bbox 1878 1665 2022 1727; x_wconf 88' lang='lat'>464.</span> 
     </span>
    </p>
   </div>
   <div class='ocr_carea' id='block_1_2' title="bbox 1071 1772 2109 1998">
    <p class='ocr_par' dir='ltr' id='par_1_4' title="bbox 1071 1772 2109 1998">
     <span class='ocr_line' id='line_1_13' title="bbox 1570 1772 1724 1836; baseline 0.019 -3"><span class='ocrx_word' id='word_1_93' title='bbox 1570 1772 1634 1835; x_wconf 85' lang='lat'>2.</span> <span class='ocrx_word' id='word_1_94' title='bbox 1669 1795 1724 1836; x_wconf 77' lang='lat' dir='ltr'>a.</span> 
     </span>
     <span class='ocr_line' id='line_1_14' title="bbox 1071 1774 2109 1998; baseline -0.001 -28"><span class='ocrx_word' id='word_1_95' title='bbox 1071 1880 1143 1970; x_wconf 73' lang='lat' dir='ltr'>Ile</span> <span class='ocrx_word' id='word_1_96' title='bbox 1194 1879 1444 1998; x_wconf 73' lang='lat' dir='ltr'>particula</span> <span class='ocrx_word' id='word_1_97' title='bbox 1487 1774 1678 1987; x_wconf 57' lang='lat' dir='ltr'>{nunf&#39;</span> <span class='ocrx_word' id='word_1_98' title='bbox 1727 1879 2109 1998; x_wconf 77' lang='lat' dir='ltr'>interrogativa.</span> 
     </span>
    </p>
   </div>
   <div class='ocr_carea' id='block_1_3' title="bbox 462 2021 2776 4047">
    <p class='ocr_par' dir='ltr' id='par_1_5' title="bbox 462 2021 2776 4047">
     <span class='ocr_line' id='line_1_15' title="bbox 663 2021 2759 2103; baseline -0 -22"><span class='ocrx_word' id='word_1_99' title='bbox 663 2021 1034 2083; x_wconf 87' lang='lat' dir='ltr'>Particulam</span> <span class='ocrx_word' id='word_1_100' title='bbox 1057 2025 1278 2099; x_wconf 93' lang='lat' dir='ltr'>„num“</span> <span class='ocrx_word' id='word_1_101' title='bbox 1327 2043 1359 2084; x_wconf 92' lang='lat' dir='ltr'>e</span> <span class='ocrx_word' id='word_1_102' title='bbox 1392 2023 1761 2103; x_wconf 79' lang='lat' dir='ltr'>pronominis</span> <span class='ocrx_word' id='word_1_103' title='bbox 1806 2022 2259 2084; x_wconf 82' lang='lat' dir='ltr'>demonstrativi</span> <span class='ocrx_word' id='word_1_104' title='bbox 2301 2021 2519 2096; x_wconf 86' lang='lat' dir='ltr'>radice,</span> <span class='ocrx_word' id='word_1_105' title='bbox 2563 2040 2685 2081; x_wconf 93' lang='lat' dir='ltr'>non</span> <span class='ocrx_word' id='word_1_106' title='bbox 2726 2040 2759 2080; x_wconf 90' lang='lat' dir='ltr'>e</span> 
     </span>
     <span class='ocr_line' id='line_1_16' title="bbox 462 2114 2759 2211; baseline 0.001 -23"><span class='ocrx_word' id='word_1_107' title='bbox 462 2126 608 2208; x_wconf 80' lang='grc' dir='ltr'>μῶν</span> <span class='ocrx_word' id='word_1_108' title='bbox 659 2155 723 2180; x_wconf 82' lang='lat'><strong><em>=</em></strong></span> <span class='ocrx_word' id='word_1_109' title='bbox 778 2122 864 2209; x_wconf 82' lang='grc' dir='ltr'>μὴ</span> <span class='ocrx_word' id='word_1_110' title='bbox 912 2114 1050 2207; x_wconf 68' lang='grc' dir='ltr'>οὖν,</span> <span class='ocrx_word' id='word_1_111' title='bbox 1092 2139 1162 2192; x_wconf 91' lang='lat' dir='ltr'>ut</span> <span class='ocrx_word' id='word_1_112' title='bbox 1203 2130 1504 2211; x_wconf 87' lang='lat' dir='ltr'>Reisigius</span> <span class='ocrx_word' id='word_1_113' title='bbox 1548 2131 1846 2208; x_wconf 88' lang='lat' dir='ltr'>affirmat,</span> <span class='ocrx_word' id='word_1_114' title='bbox 1908 2139 2176 2192; x_wconf 87' lang='lat' dir='ltr'>exortam</span> <span class='ocrx_word' id='word_1_115' title='bbox 2233 2138 2294 2191; x_wconf 91' lang='lat' dir='ltr'>et</span> <span class='ocrx_word' id='word_1_116' title='bbox 2348 2128 2759 2191; x_wconf 81' lang='lat' dir='ltr'>accusativum</span> 
     </span>
     <span class='ocr_line' id='line_1_17' title="bbox 467 2232 2760 2317; baseline -0.001 -19"><span class='ocrx_word' id='word_1_117' title='bbox 467 2237 699 2317; x_wconf 88' lang='lat' dir='ltr'>generis</span> <span class='ocrx_word' id='word_1_118' title='bbox 729 2238 996 2300; x_wconf 88' lang='lat' dir='ltr'>neutrius</span> <span class='ocrx_word' id='word_1_119' title='bbox 1021 2259 1165 2315; x_wconf 89' lang='lat' dir='ltr'>esse,</span> <span class='ocrx_word' id='word_1_120' title='bbox 1204 2259 1407 2300; x_wconf 90' lang='lat' dir='ltr'>omnes</span> <span class='ocrx_word' id='word_1_121' title='bbox 1430 2239 1554 2300; x_wconf 87' lang='lat' dir='ltr'>fere</span> <span class='ocrx_word' id='word_1_122' title='bbox 1581 2239 1696 2302; x_wconf 87' lang='lat' dir='ltr'>viri</span> <span class='ocrx_word' id='word_1_123' title='bbox 1722 2240 1882 2301; x_wconf 89' lang='lat' dir='ltr'>docti</span> <span class='ocrx_word' id='word_1_124' title='bbox 1909 2238 2289 2300; x_wconf 89' lang='lat' dir='ltr'>consentiunt</span> <span class='ocrx_word' id='word_1_125' title='bbox 2311 2232 2413 2317; x_wconf 87' lang='lat' dir='ltr'>(cf.</span> <span class='ocrx_word' id='word_1_126' title='bbox 2438 2236 2760 2316; x_wconf 91' lang='lat' dir='ltr'>Boppium,</span> 
     </span>
     <span class='ocr_line' id='line_1_18' title="bbox 466 2344 2760 2429; baseline 0 -24"><span class='ocrx_word' id='word_1_127' title='bbox 466 2345 504 2405; x_wconf 93' lang='lat' dir='ltr'>l.</span> <span class='ocrx_word' id='word_1_128' title='bbox 549 2366 598 2407; x_wconf 92' lang='lat' dir='ltr'>c.</span> <span class='ocrx_word' id='word_1_129' title='bbox 633 2346 684 2407; x_wconf 97' lang='grc' dir='ltr'>Ι.</span> <span class='ocrx_word' id='word_1_130' title='bbox 716 2346 853 2408; x_wconf 89' lang='lat' dir='ltr'>aufl.</span> <span class='ocrx_word' id='word_1_131' title='bbox 880 2367 938 2426; x_wconf 91' lang='lat' dir='ltr'>p.</span> <span class='ocrx_word' id='word_1_132' title='bbox 966 2345 1116 2420; x_wconf 80' lang='lat'><strong>535;</strong></span> <span class='ocrx_word' id='word_1_133' title='bbox 1156 2346 1332 2408; x_wconf 88' lang='lat' dir='ltr'>aliter</span> <span class='ocrx_word' id='word_1_134' title='bbox 1351 2347 1673 2426; x_wconf 88' lang='lat' dir='ltr'>Reisigius,</span> <span class='ocrx_word' id='word_1_135' title='bbox 1701 2347 2098 2429; x_wconf 81' lang='lat' dir='ltr'>vorlesungen</span> <span class='ocrx_word' id='word_1_136' title='bbox 2122 2346 2301 2407; x_wconf 93' lang='lat' dir='ltr'>ueber</span> <span class='ocrx_word' id='word_1_137' title='bbox 2322 2346 2428 2407; x_wconf 92' lang='lat' dir='ltr'>lat.</span> <span class='ocrx_word' id='word_1_138' title='bbox 2453 2344 2760 2425; x_wconf 88' lang='lat' dir='ltr'>sprachw.,</span> 
     </span>
     <span class='ocr_line' id='line_1_19' title="bbox 467 2451 2761 2536; baseline -0.001 -23"><span class='ocrx_word' id='word_1_139' title='bbox 467 2453 743 2534; x_wconf 88' lang='lat' dir='ltr'>herausg.</span> <span class='ocrx_word' id='word_1_140' title='bbox 788 2476 846 2517; x_wconf 90' lang='lat' dir='ltr'>v.</span> <span class='ocrx_word' id='word_1_141' title='bbox 891 2455 1106 2516; x_wconf 88' lang='lat' dir='ltr'>Haase</span> <span class='ocrx_word' id='word_1_142' title='bbox 1147 2477 1206 2536; x_wconf 90' lang='lat' dir='ltr'>p.</span> <span class='ocrx_word' id='word_1_143' title='bbox 1251 2451 1403 2533; x_wconf 86' lang='lat'>471)</span> <span class='ocrx_word' id='word_1_144' title='bbox 1445 2454 1649 2516; x_wconf 90' lang='lat' dir='ltr'>Pottio</span> <span class='ocrx_word' id='word_1_145' title='bbox 1708 2462 1974 2534; x_wconf 88' lang='lat' dir='ltr'>except0,</span> <span class='ocrx_word' id='word_1_146' title='bbox 2022 2454 2127 2533; x_wconf 92' lang='lat' dir='ltr'>qui</span> <span class='ocrx_word' id='word_1_147' title='bbox 2172 2454 2235 2512; x_wconf 93' lang='lat' dir='ltr'>in</span> <span class='ocrx_word' id='word_1_148' title='bbox 2277 2452 2467 2528; x_wconf 90' lang='lat' dir='ltr'>libro,</span> <span class='ocrx_word' id='word_1_149' title='bbox 2526 2452 2630 2532; x_wconf 91' lang='lat' dir='ltr'>qui</span> <span class='ocrx_word' id='word_1_150' title='bbox 2672 2451 2761 2512; x_wconf 93' lang='lat' dir='ltr'>in-</span> 
     </span>
     <span class='ocr_line' id='line_1_20' title="bbox 469 2558 2762 2643; baseline -0 -21"><span class='ocrx_word' id='word_1_151' title='bbox 469 2560 750 2623; x_wconf 85' lang='lat' dir='ltr'>scribitur</span> <span class='ocrx_word' id='word_1_152' title='bbox 791 2562 1072 2643; x_wconf 81' lang='lat' dir='ltr'>„etymoL</span> <span class='ocrx_word' id='word_1_153' title='bbox 1099 2563 1322 2624; x_wconf 87' lang='lat' dir='ltr'>forsch.</span> <span class='ocrx_word' id='word_1_154' title='bbox 1351 2564 1437 2639; x_wconf 86' lang='grc' dir='ltr'>Π,</span> <span class='ocrx_word' id='word_1_155' title='bbox 1461 2583 1519 2642; x_wconf 90' lang='lat' dir='ltr'>p.</span> <span class='ocrx_word' id='word_1_156' title='bbox 1553 2562 1675 2625; x_wconf 88' lang='lat'>149</span> <span class='ocrx_word' id='word_1_157' title='bbox 1716 2571 1776 2624; x_wconf 92' lang='lat' dir='ltr'>et</span> <span class='ocrx_word' id='word_1_158' title='bbox 1806 2562 1857 2639; x_wconf 89' lang='grc' dir='ltr'>Ι,</span> <span class='ocrx_word' id='word_1_159' title='bbox 1893 2583 1952 2642; x_wconf 91' lang='lat' dir='ltr'>p.</span> <span class='ocrx_word' id='word_1_160' title='bbox 1992 2559 2112 2622; x_wconf 89' lang='lat'>106</span> <span class='ocrx_word' id='word_1_161' title='bbox 2148 2568 2209 2622; x_wconf 92' lang='lat' dir='ltr'>et</span> <span class='ocrx_word' id='word_1_162' title='bbox 2238 2558 2383 2635; x_wconf 88' lang='grc'>366,</span> <span class='ocrx_word' id='word_1_163' title='bbox 2419 2559 2526 2637; x_wconf 93' lang='grc' dir='ltr'><strong>(ΙΙ.</strong></span> <span class='ocrx_word' id='word_1_164' title='bbox 2561 2558 2762 2635; x_wconf 92' lang='lat' dir='ltr'>aufl.“)</span> 
     </span>
     <span class='ocr_line' id='line_1_21' title="bbox 476 2666 2764 2750; baseline -0.001 -21"><span class='ocrx_word' id='word_1_165' title='bbox 476 2668 799 2745; x_wconf 85' lang='lat' dir='ltr'>contendit,</span> <span class='ocrx_word' id='word_1_166' title='bbox 854 2670 1080 2745; x_wconf 86' lang='lat' dir='ltr'>„num“</span> <span class='ocrx_word' id='word_1_167' title='bbox 1126 2670 1492 2750; x_wconf 89' lang='lat' dir='ltr'>particulam</span> <span class='ocrx_word' id='word_1_168' title='bbox 1544 2691 1674 2731; x_wconf 91' lang='lat' dir='ltr'>esse</span> <span class='ocrx_word' id='word_1_169' title='bbox 1729 2669 2011 2731; x_wconf 88' lang='lat' dir='ltr'>coalitam</span> <span class='ocrx_word' id='word_1_170' title='bbox 2073 2688 2148 2728; x_wconf 82' lang='lat' dir='ltr'>ex</span> <span class='ocrx_word' id='word_1_171' title='bbox 2199 2666 2434 2727; x_wconf 93' lang='lat' dir='ltr'>duabus</span> <span class='ocrx_word' id='word_1_172' title='bbox 2491 2667 2764 2747; x_wconf 90' lang='lat' dir='ltr'>partibus</span> 
     </span>
     <span class='ocr_line' id='line_1_22' title="bbox 475 2772 2767 2857; baseline 0 -23"><span class='ocrx_word' id='word_1_173' title='bbox 475 2775 631 2850; x_wconf 81' lang='lat' dir='ltr'>„ne“</span> <span class='ocrx_word' id='word_1_174' title='bbox 657 2808 740 2818; x_wconf 93' lang='lat'>—</span> <span class='ocrx_word' id='word_1_175' title='bbox 772 2776 977 2852; x_wconf 83' lang='lat' dir='ltr'>„um“,</span> <span class='ocrx_word' id='word_1_176' title='bbox 1026 2797 1287 2855; x_wconf 89' lang='lat' dir='ltr'>quarum</span> <span class='ocrx_word' id='word_1_177' title='bbox 1315 2776 1500 2857; x_wconf 92' lang='lat' dir='ltr'>priori</span> <span class='ocrx_word' id='word_1_178' title='bbox 1522 2776 1781 2855; x_wconf 89' lang='lat' dir='ltr'>negatio,</span> <span class='ocrx_word' id='word_1_179' title='bbox 1826 2774 1998 2837; x_wconf 90' lang='lat' dir='ltr'>alteri</span> <span class='ocrx_word' id='word_1_180' title='bbox 2027 2794 2353 2855; x_wconf 91' lang='lat' dir='ltr'>pronomen</span> <span class='ocrx_word' id='word_1_181' title='bbox 2392 2772 2767 2834; x_wconf 89' lang='lat' dir='ltr'>indefinitum</span> 
     </span>
     <span class='ocr_line' id='line_1_23' title="bbox 476 2880 2770 2962; baseline -0 -20"><span class='ocrx_word' id='word_1_182' title='bbox 476 2883 711 2944; x_wconf 90' lang='lat' dir='ltr'>inesset.</span> <span class='ocrx_word' id='word_1_183' title='bbox 801 2884 919 2945; x_wconf 86' lang='lat' dir='ltr'>Sed</span> <span class='ocrx_word' id='word_1_184' title='bbox 965 2904 1098 2944; x_wconf 93' lang='lat' dir='ltr'>eum</span> <span class='ocrx_word' id='word_1_185' title='bbox 1147 2885 1467 2961; x_wconf 86' lang='lat' dir='ltr'>erravisse,</span> <span class='ocrx_word' id='word_1_186' title='bbox 1515 2884 1850 2946; x_wconf 90' lang='lat' dir='ltr'>luculenter</span> <span class='ocrx_word' id='word_1_187' title='bbox 1892 2891 1952 2944; x_wconf 91' lang='lat' dir='ltr'>et</span> <span class='ocrx_word' id='word_1_188' title='bbox 1993 2903 2217 2962; x_wconf 89' lang='lat' dir='ltr'>magna</span> <span class='ocrx_word' id='word_1_189' title='bbox 2260 2902 2395 2944; x_wconf 91' lang='lat' dir='ltr'>cum</span> <span class='ocrx_word' id='word_1_190' title='bbox 2441 2880 2770 2960; x_wconf 86' lang='lat' dir='ltr'>sagacitate</span> 
     </span>
     <span class='ocr_line' id='line_1_24' title="bbox 478 2988 2764 3071; baseline -0 -20"><span class='ocrx_word' id='word_1_191' title='bbox 478 2991 910 3054; x_wconf 87' lang='lat' dir='ltr'>demonstravit</span> <span class='ocrx_word' id='word_1_192' title='bbox 945 2993 1114 3056; x_wconf 80' lang='lat' dir='ltr'>Max,</span> <span class='ocrx_word' id='word_1_193' title='bbox 1136 2993 1505 3055; x_wconf 82' lang='lat' dir='ltr'>Schmidtius</span> <span class='ocrx_word' id='word_1_194' title='bbox 1551 2990 2015 3070; x_wconf 89' lang='lat' dir='ltr'>„commentatio</span> <span class='ocrx_word' id='word_1_195' title='bbox 2051 2992 2124 3052; x_wconf 90' lang='lat' dir='ltr'>de</span> <span class='ocrx_word' id='word_1_196' title='bbox 2149 2990 2501 3071; x_wconf 92' lang='lat' dir='ltr'>pronomine</span> <span class='ocrx_word' id='word_1_197' title='bbox 2531 2988 2764 3051; x_wconf 84' lang='lat' dir='ltr'>Graeco</span> 
     </span>
     <span class='ocr_line' id='line_1_25' title="bbox 482 3095 2768 3182; baseline -0.001 -23"><span class='ocrx_word' id='word_1_198' title='bbox 482 3106 541 3159; x_wconf 90' lang='lat' dir='ltr'>et</span> <span class='ocrx_word' id='word_1_199' title='bbox 587 3099 812 3160; x_wconf 91' lang='lat' dir='ltr'>Latino</span> <span class='ocrx_word' id='word_1_200' title='bbox 858 3098 1077 3182; x_wconf 88' lang='grc'><strong>(1832)</strong></span> <span class='ocrx_word' id='word_1_201' title='bbox 1120 3122 1179 3181; x_wconf 95' lang='lat' dir='ltr'>p.</span> <span class='ocrx_word' id='word_1_202' title='bbox 1218 3100 1295 3162; x_wconf 87' lang='lat'>61</span> <span class='ocrx_word' id='word_1_203' title='bbox 1330 3110 1391 3162; x_wconf 92' lang='lat' dir='ltr'>et</span> <span class='ocrx_word' id='word_1_204' title='bbox 1426 3095 1527 3178; x_wconf 88' lang='lat'>97,</span> <span class='ocrx_word' id='word_1_205' title='bbox 1573 3101 1677 3182; x_wconf 92' lang='lat' dir='ltr'>qui</span> <span class='ocrx_word' id='word_1_206' title='bbox 1709 3100 2052 3175; x_wconf 83' lang='lat' dir='ltr'>arbitratur,</span> <span class='ocrx_word' id='word_1_207' title='bbox 2096 3099 2161 3158; x_wconf 90' lang='lat' dir='ltr'>in</span> <span class='ocrx_word' id='word_1_208' title='bbox 2203 3098 2516 3179; x_wconf 85' lang='lat' dir='ltr'>particulis</span> <span class='ocrx_word' id='word_1_209' title='bbox 2563 3117 2768 3174; x_wconf 92' lang='lat' dir='ltr'>„num,</span> 
     </span>
     <span class='ocr_line' id='line_1_26' title="bbox 487 3203 2769 3288; baseline -0 -24"><span class='ocrx_word' id='word_1_210' title='bbox 487 3225 649 3281; x_wconf 87' lang='lat' dir='ltr'>nam,</span> <span class='ocrx_word' id='word_1_211' title='bbox 696 3205 893 3266; x_wconf 88' lang='lat' dir='ltr'>enim“</span> <span class='ocrx_word' id='word_1_212' title='bbox 939 3208 1213 3287; x_wconf 88' lang='lat' dir='ltr'>cognosci</span> <span class='ocrx_word' id='word_1_213' title='bbox 1256 3229 1433 3288; x_wconf 85' lang='lat' dir='ltr'>posse</span> <span class='ocrx_word' id='word_1_214' title='bbox 1473 3209 1650 3288; x_wconf 88' lang='lat' dir='ltr'>quasi</span> <span class='ocrx_word' id='word_1_215' title='bbox 1693 3206 1950 3287; x_wconf 89' lang='lat' dir='ltr'>vestigia</span> <span class='ocrx_word' id='word_1_216' title='bbox 1971 3204 2359 3286; x_wconf 89' lang='lat' dir='ltr'>pronominis,</span> <span class='ocrx_word' id='word_1_217' title='bbox 2396 3203 2557 3285; x_wconf 89' lang='lat' dir='ltr'>quod</span> <span class='ocrx_word' id='word_1_218' title='bbox 2598 3223 2674 3264; x_wconf 93' lang='lat' dir='ltr'>ne</span> <span class='ocrx_word' id='word_1_219' title='bbox 2704 3203 2769 3263; x_wconf 94' lang='lat' dir='ltr'>in</span> 
     </span>
     <span class='ocr_line' id='line_1_27' title="bbox 483 3311 2771 3395; baseline -0.001 -22"><span class='ocrx_word' id='word_1_220' title='bbox 483 3313 915 3392; x_wconf 88' lang='lat' dir='ltr'>antiquissimis</span> <span class='ocrx_word' id='word_1_221' title='bbox 997 3315 1238 3395; x_wconf 90' lang='lat' dir='ltr'>quidem</span> <span class='ocrx_word' id='word_1_222' title='bbox 1306 3325 1830 3378; x_wconf 90' lang='lat' dir='ltr'>monumentorum</span> <span class='ocrx_word' id='word_1_223' title='bbox 1893 3313 2164 3394; x_wconf 90' lang='lat' dir='ltr'>reliquiis</span> <span class='ocrx_word' id='word_1_224' title='bbox 2223 3313 2467 3394; x_wconf 89' lang='lat' dir='ltr'>linguae</span> <span class='ocrx_word' id='word_1_225' title='bbox 2541 3311 2771 3372; x_wconf 89' lang='lat' dir='ltr'>latinae</span> 
     </span>
     <span class='ocr_line' id='line_1_28' title="bbox 486 3418 2771 3504; baseline -0 -24"><span class='ocrx_word' id='word_1_226' title='bbox 486 3419 857 3499; x_wconf 89' lang='lat' dir='ltr'>inveniatur,</span> <span class='ocrx_word' id='word_1_227' title='bbox 908 3424 1010 3484; x_wconf 92' lang='lat' dir='ltr'>sed</span> <span class='ocrx_word' id='word_1_228' title='bbox 1056 3424 1118 3483; x_wconf 92' lang='lat' dir='ltr'>in</span> <span class='ocrx_word' id='word_1_229' title='bbox 1162 3423 1373 3504; x_wconf 90' lang='lat' dir='ltr'>lingua</span> <span class='ocrx_word' id='word_1_230' title='bbox 1417 3424 1770 3487; x_wconf 85' lang='lat' dir='ltr'>sanseritica</span> <span class='ocrx_word' id='word_1_231' title='bbox 1816 3431 1922 3484; x_wconf 88' lang='lat' dir='ltr'>aut</span> <span class='ocrx_word' id='word_1_232' title='bbox 1963 3421 2413 3483; x_wconf 88' lang='lat' dir='ltr'>demonstrandi</span> <span class='ocrx_word' id='word_1_233' title='bbox 2466 3427 2572 3481; x_wconf 87' lang='lat' dir='ltr'>aut</span> <span class='ocrx_word' id='word_1_234' title='bbox 2613 3418 2771 3480; x_wconf 87' lang='lat' dir='ltr'>affir-</span> 
     </span>
     <span class='ocr_line' id='line_1_29' title="bbox 485 3526 2772 3611; baseline -0.001 -22"><span class='ocrx_word' id='word_1_235' title='bbox 485 3529 691 3590; x_wconf 90' lang='lat' dir='ltr'>mandi</span> <span class='ocrx_word' id='word_1_236' title='bbox 732 3530 955 3593; x_wconf 89' lang='lat' dir='ltr'>habeat</span> <span class='ocrx_word' id='word_1_237' title='bbox 998 3533 1122 3595; x_wconf 91' lang='lat' dir='ltr'>vim</span> <span class='ocrx_word' id='word_1_238' title='bbox 1167 3534 1264 3595; x_wconf 91' lang='lat' dir='ltr'>vel</span> <span class='ocrx_word' id='word_1_239' title='bbox 1286 3532 1611 3609; x_wconf 92' lang='lat' dir='ltr'>notionem,</span> <span class='ocrx_word' id='word_1_240' title='bbox 1640 3542 1820 3611; x_wconf 86' lang='lat' dir='ltr'>atque</span> <span class='ocrx_word' id='word_1_241' title='bbox 1843 3531 2124 3607; x_wconf 87' lang='lat' dir='ltr'>affirmat,</span> <span class='ocrx_word' id='word_1_242' title='bbox 2162 3531 2226 3589; x_wconf 92' lang='lat' dir='ltr'>in</span> <span class='ocrx_word' id='word_1_243' title='bbox 2260 3528 2485 3606; x_wconf 86' lang='lat' dir='ltr'>„num“</span> <span class='ocrx_word' id='word_1_244' title='bbox 2523 3526 2772 3589; x_wconf 89' lang='lat' dir='ltr'>eandem</span> 
     </span>
     <span class='ocr_line' id='line_1_30' title="bbox 487 3632 2771 3722; baseline -0.003 -22"><span class='ocrx_word' id='word_1_245' title='bbox 487 3639 985 3719; x_wconf 87' lang='lat' dir='ltr'>significationem</span> <span class='ocrx_word' id='word_1_246' title='bbox 1030 3641 1419 3722; x_wconf 90' lang='lat' dir='ltr'>temporalem</span> <span class='ocrx_word' id='word_1_247' title='bbox 1474 3641 1706 3717; x_wconf 88' lang='lat' dir='ltr'>inesse,</span> <span class='ocrx_word' id='word_1_248' title='bbox 1767 3647 1947 3719; x_wconf 89' lang='lat' dir='ltr'>atque</span> <span class='ocrx_word' id='word_1_249' title='bbox 1982 3638 2047 3699; x_wconf 92' lang='lat' dir='ltr'>in</span> <span class='ocrx_word' id='word_1_250' title='bbox 2103 3639 2307 3715; x_wconf 91' lang='lat' dir='ltr'>„dum,</span> <span class='ocrx_word' id='word_1_251' title='bbox 2368 3644 2513 3711; x_wconf 88' lang='lat' dir='ltr'>tam,</span> <span class='ocrx_word' id='word_1_252' title='bbox 2577 3632 2771 3695; x_wconf 86' lang='lat' dir='ltr'>cum.“</span> 
     </span>
     <span class='ocr_line' id='line_1_31' title="bbox 486 3741 2776 3840; baseline -0.003 -32"><span class='ocrx_word' id='word_1_253' title='bbox 486 3748 743 3828; x_wconf 87' lang='lat' dir='ltr'>Propria</span> <span class='ocrx_word' id='word_1_254' title='bbox 786 3749 969 3830; x_wconf 87' lang='lat' dir='ltr'>igitur</span> <span class='ocrx_word' id='word_1_255' title='bbox 1011 3749 1104 3812; x_wconf 90' lang='lat' dir='ltr'>vis</span> <span class='ocrx_word' id='word_1_256' title='bbox 1150 3749 1330 3830; x_wconf 89' lang='lat' dir='ltr'>hujus</span> <span class='ocrx_word' id='word_1_257' title='bbox 1372 3747 1709 3840; x_wconf 76' lang='lat' dir='ltr'>particulae</span> <span class='ocrx_word' id='word_1_258' title='bbox 1762 3757 1854 3810; x_wconf 89' lang='lat' dir='ltr'>est</span> <span class='ocrx_word' id='word_1_259' title='bbox 1904 3747 2058 3824; x_wconf 91' lang='lat' dir='ltr'>„hoc</span> <span class='ocrx_word' id='word_1_260' title='bbox 2096 3743 2399 3824; x_wconf 87' lang='lat' dir='ltr'>tempore“</span> <span class='ocrx_word' id='word_1_261' title='bbox 2463 3741 2560 3806; x_wconf 92' lang='lat' dir='ltr'>vel</span> <span class='ocrx_word' id='word_1_262' title='bbox 2619 3741 2776 3818; x_wconf 90' lang='lat' dir='ltr'>„hac</span> 
     </span>
     <span class='ocr_line' id='line_1_32' title="bbox 489 3852 2776 3937; baseline -0.002 -21"><span class='ocrx_word' id='word_1_263' title='bbox 489 3876 687 3917; x_wconf 91' lang='lat' dir='ltr'>rerum</span> <span class='ocrx_word' id='word_1_264' title='bbox 732 3856 1119 3919; x_wconf 86' lang='lat' dir='ltr'>condicione“</span> <span class='ocrx_word' id='word_1_265' title='bbox 1162 3858 1252 3918; x_wconf 90' lang='lat' dir='ltr'>ita</span> <span class='ocrx_word' id='word_1_266' title='bbox 1294 3865 1364 3918; x_wconf 91' lang='lat' dir='ltr'>ut</span> <span class='ocrx_word' id='word_1_267' title='bbox 1409 3877 1595 3934; x_wconf 90' lang='lat' dir='ltr'>„num</span> <span class='ocrx_word' id='word_1_268' title='bbox 1640 3865 1814 3937; x_wconf 87' lang='lat' dir='ltr'>pater</span> <span class='ocrx_word' id='word_1_269' title='bbox 1842 3855 2047 3918; x_wconf 85' lang='lat' dir='ltr'>venit“</span> <span class='ocrx_word' id='word_1_270' title='bbox 2091 3853 2250 3914; x_wconf 91' lang='lat' dir='ltr'>idem</span> <span class='ocrx_word' id='word_1_271' title='bbox 2278 3852 2358 3912; x_wconf 88' lang='lat' dir='ltr'>sit</span> <span class='ocrx_word' id='word_1_272' title='bbox 2390 3870 2461 3911; x_wconf 89' lang='lat' dir='ltr'>ac</span> <span class='ocrx_word' id='word_1_273' title='bbox 2486 3858 2776 3929; x_wconf 89' lang='lat' dir='ltr'>„paterne</span> 
     </span>
     <span class='ocr_line' id='line_1_33' title="bbox 488 3963 1275 4047; baseline 0 -20"><span class='ocrx_word' id='word_1_274' title='bbox 488 3965 659 4027; x_wconf 90' lang='lat' dir='ltr'>venit</span> <span class='ocrx_word' id='word_1_275' title='bbox 699 3965 812 4027; x_wconf 91' lang='lat' dir='ltr'>hoc</span> <span class='ocrx_word' id='word_1_276' title='bbox 852 3973 1119 4046; x_wconf 90' lang='lat' dir='ltr'>tempore</span> <span class='ocrx_word' id='word_1_277' title='bbox 1138 3965 1204 4027; x_wconf 53' lang='grc' dir='ltr'>Ψ(</span> <span class='ocrx_word' id='word_1_278' title='bbox 1233 3963 1275 4047; x_wconf 95' lang='lat'>¹)</span> 
     </span>
    </p>
   </div>
   <div class='ocr_carea' id='block_1_4' title="bbox 487 4096 2777 4448">
    <p class='ocr_par' dir='ltr' id='par_1_6' title="bbox 487 4096 2777 4448">
     <span class='ocr_line' id='line_1_34' title="bbox 697 4096 2776 4174; baseline -0.006 -13"><span class='ocrx_word' id='word_1_279' title='bbox 697 4109 735 4174; x_wconf 88' lang='lat'>¹)</span> <span class='ocrx_word' id='word_1_280' title='bbox 769 4107 845 4161; x_wconf 88' lang='lat' dir='ltr'>At</span> <span class='ocrx_word' id='word_1_281' title='bbox 877 4106 983 4160; x_wconf 86' lang='lat' dir='ltr'>tria</span> <span class='ocrx_word' id='word_1_282' title='bbox 1017 4105 1264 4174; x_wconf 85' lang='lat' dir='ltr'>exempla.</span> <span class='ocrx_word' id='word_1_283' title='bbox 1302 4120 1436 4174; x_wconf 86' lang='lat' dir='ltr'>quae</span> <span class='ocrx_word' id='word_1_284' title='bbox 1473 4104 1713 4159; x_wconf 86' lang='lat' dir='ltr'>Handius</span> <span class='ocrx_word' id='word_1_285' title='bbox 1758 4104 1795 4157; x_wconf 90' lang='lat' dir='ltr'>l.</span> <span class='ocrx_word' id='word_1_286' title='bbox 1833 4122 1880 4157; x_wconf 86' lang='lat' dir='ltr'>c.</span> <span class='ocrx_word' id='word_1_287' title='bbox 1915 4104 2003 4168; x_wconf 90' lang='lat' dir='ltr'>IV,</span> <span class='ocrx_word' id='word_1_288' title='bbox 2043 4118 2091 4169; x_wconf 88' lang='lat' dir='ltr'>p.</span> <span class='ocrx_word' id='word_1_289' title='bbox 2126 4100 2228 4152; x_wconf 85' lang='lat'>316</span> <span class='ocrx_word' id='word_1_290' title='bbox 2266 4097 2518 4166; x_wconf 86' lang='lat' dir='ltr'>protulit,</span> <span class='ocrx_word' id='word_1_291' title='bbox 2567 4098 2632 4149; x_wconf 88' lang='lat' dir='ltr'>ut</span> <span class='ocrx_word' id='word_1_292' title='bbox 2664 4096 2776 4150; x_wconf 88' lang='lat' dir='ltr'>effi-</span> 
     </span>
     <span class='ocr_line' id='line_1_35' title="bbox 487 4185 2777 4268; baseline -0.005 -15"><span class='ocrx_word' id='word_1_293' title='bbox 487 4201 644 4264; x_wconf 85' lang='lat' dir='ltr'>ceret,</span> <span class='ocrx_word' id='word_1_294' title='bbox 691 4197 831 4268; x_wconf 85' lang='lat' dir='ltr'>apud</span> <span class='ocrx_word' id='word_1_295' title='bbox 865 4198 1076 4251; x_wconf 86' lang='lat' dir='ltr'>Livium</span> <span class='ocrx_word' id='word_1_296' title='bbox 1113 4199 1169 4250; x_wconf 87' lang='lat' dir='ltr'>et</span> <span class='ocrx_word' id='word_1_297' title='bbox 1205 4195 1436 4249; x_wconf 88' lang='lat' dir='ltr'>Plinium</span> <span class='ocrx_word' id='word_1_298' title='bbox 1473 4200 1664 4260; x_wconf 90' lang='lat' dir='ltr'>„num“</span> <span class='ocrx_word' id='word_1_299' title='bbox 1707 4197 1911 4250; x_wconf 82' lang='lat' dir='ltr'>exstare</span> <span class='ocrx_word' id='word_1_300' title='bbox 1948 4206 2105 4246; x_wconf 78' lang='lat' dir='ltr'>sensu</span> <span class='ocrx_word' id='word_1_301' title='bbox 2143 4188 2437 4256; x_wconf 84' lang='lat' dir='ltr'>temporali,</span> <span class='ocrx_word' id='word_1_302' title='bbox 2474 4185 2777 4242; x_wconf 85' lang='lat' dir='ltr'>claudicant</span> 
     </span>
     <span class='ocr_line' id='line_1_36' title="bbox 490 4276 2777 4355; baseline -0.006 -12"><span class='ocrx_word' id='word_1_303' title='bbox 490 4291 545 4343; x_wconf 88' lang='lat' dir='ltr'>et</span> <span class='ocrx_word' id='word_1_304' title='bbox 588 4287 828 4342; x_wconf 83' lang='lat' dir='ltr'>omnibus</span> <span class='ocrx_word' id='word_1_305' title='bbox 874 4287 1005 4343; x_wconf 83' lang='lat' dir='ltr'>locis</span> <span class='ocrx_word' id='word_1_306' title='bbox 1068 4287 1268 4355; x_wconf 85' lang='lat' dir='ltr'>„nunc“</span> <span class='ocrx_word' id='word_1_307' title='bbox 1323 4285 1582 4354; x_wconf 83' lang='lat' dir='ltr'>scriptum</span> <span class='ocrx_word' id='word_1_308' title='bbox 1627 4285 1791 4339; x_wconf 81' lang='lat' dir='ltr'>fuisse</span> <span class='ocrx_word' id='word_1_309' title='bbox 1839 4300 1933 4353; x_wconf 87' lang='lat' dir='ltr'>pro</span> <span class='ocrx_word' id='word_1_310' title='bbox 1988 4282 2183 4347; x_wconf 90' lang='lat' dir='ltr'>.,num“</span> <span class='ocrx_word' id='word_1_311' title='bbox 2239 4276 2523 4333; x_wconf 83' lang='lat' dir='ltr'>verisimile</span> <span class='ocrx_word' id='word_1_312' title='bbox 2570 4279 2655 4331; x_wconf 86' lang='lat' dir='ltr'>est</span> <span class='ocrx_word' id='word_1_313' title='bbox 2711 4276 2777 4330; x_wconf 90' lang='lat' dir='ltr'>cf.</span> 
     </span>
     <span class='ocr_line' id='line_1_37' title="bbox 493 4376 1195 4448; baseline -0.003 -16"><span class='ocrx_word' id='word_1_314' title='bbox 493 4380 814 4448; x_wconf 84' lang='lat' dir='ltr'>Draegerum</span> <span class='ocrx_word' id='word_1_315' title='bbox 851 4379 886 4436; x_wconf 88' lang='lat'>1.</span> <span class='ocrx_word' id='word_1_316' title='bbox 925 4394 969 4433; x_wconf 87' lang='lat' dir='ltr'>c.</span> <span class='ocrx_word' id='word_1_317' title='bbox 1001 4378 1046 4445; x_wconf 93' lang='lat' dir='ltr'>I,</span> <span class='ocrx_word' id='word_1_318' title='bbox 1080 4376 1195 4431; x_wconf 84' lang='lat'>314.</span> 
     </span>
    </p>
   </div>
   <div class='ocr_carea' id='block_1_5' title="bbox 494 4073 789 4082">
    <p class='ocr_par' dir='ltr' id='par_1_7' title="bbox 494 4073 789 4082">
     <span class='ocr_line' id='line_1_38' title="bbox 494 4073 789 4082; baseline 0 818"><span class='ocrx_word' id='word_1_319' title='bbox 494 4073 789 4082; x_wconf 95' lang='lat' dir='ltr'> </span> 
     </span>
    </p>
   </div>
  </div>
 </body>
</html>
