3125 4900
1154 397 1578 458 ...49-

222 561 387 622 Nam
453 563 646 626 multo
705 565 1089 628 verisimilius
1176 575 1291 643 est,
1360 567 1643 629 infamem
1703 567 1872 631 illam
1931 571 2257 634 veneficam
2322 591 2521 632 escam

223 671 588 750 corrupisse,
655 680 767 735 sat.
813 674 900 750 ΙΙ,
945 672 1002 748 5,
1047 672 1130 734 58
1181 695 1325 736 num
1368 684 1436 736 tu
1479 676 1849 740 divinatione
1893 680 2158 760 quadam
2201 688 2413 759 captus
2458 689 2522 742 et

225 779 508 840 incensus
570 780 768 841 animo
824 783 1226 862 praesagienti
1263 804 1409 847 vera
1450 786 1771 847 enuntias?
1858 787 1951 848 At
2006 786 2119 848 hoc
2171 786 2518 850 incredibile

214 887 458 949 videtur
516 908 646 949 esse
705 898 765 951 et
818 890 1026 949 malim
1086 899 1326 970 putare,
1385 912 1481 953 me
1524 892 1835 956 simulanti
1874 894 1987 956 tibi
2025 894 2515 957 vaticinationem

209 993 480 1056 ludibrio
523 1015 668 1058 esse.

418 1125 564 1187 Uno
624 1125 756 1186 loco
812 1125 1007 1185 ironia
1062 1123 1211 1188 levis
1265 1126 1362 1189 vel
1413 1127 1609 1189 irrisio
1664 1129 2129 1211 interrogatione
2188 1152 2225 1193 a
2290 1132 2511 1208 „num“

210 1231 538 1311 incipiente
581 1232 951 1312 exprimitur.

206 1361 377 1440 epod.
424 1359 484 1437 8,
536 1361 612 1421 17

294 1469 484 1546 Quid,
530 1463 691 1548 quod
736 1467 928 1529 libelli
973 1466 1160 1530 Stoici
1204 1467 1360 1529 inter
1404 1469 1620 1531 sericos

619 1576 666 1638 J
668 1596 836 1637 acere
878 1574 1165 1655 pulvillos
1208 1587 1447 1640 amant:

291 1683 596 1744 Inliterati
638 1704 784 1744 num
827 1683 1027 1743 minus
1070 1683 1282 1762 rigent,

618 1791 901 1854 Minusve
944 1790 1193 1871 languet
1235 1789 1579 1852 fascinum?

1318 1985 1404 2046 II.

409 2113 486 2172 In
532 2112 802 2173 oratione
844 2111 1093 2192 obliqua
1137 2113 1357 2188 „num“
1399 2111 1660 2191 negandi
1699 2120 1901 2192 partes
1953 2133 2072 2173 non
2117 2116 2369 2197 suscipit
2407 2118 2507 2181 vel

204 2220 452 2294 retinet,
516 2220 619 2281 sed
662 2228 899 2281 tantum
942 2241 1146 2283 veram
1201 2219 1635 2281 dubitationem
1680 2218 1777 2282 vel
1823 2220 2221 2298 ignorantiam
2266 2225 2508 2290 indicat.

204 2327 336 2388 Nos
382 2328 669 2390 vertimus
712 2349 818 2407 per
864 2328 1041 2404 ‚,ob“.

1328 2455 1383 2516 1.

411 2563 649 2638 „Num“
685 2564 867 2626 seme!
915 2563 1164 2646 positum
1210 2567 1305 2624 est
1346 2570 1407 2623 et

1310 2751 1388 2815 A.

674 2880 977 2965 praecedit
1020 2879 1185 2941 nulla
1228 2880 1397 2943 nulla
1440 2879 1569 2943 alia
1610 2880 2005 2963 interr-offitio·

205 3020 316 3073 sat.
356 3011 406 3085 Ι,
454 3009 511 3085 3,
557 3008 640 3070 35

1435 3095 1718 3174 Denique
1754 3103 1813 3156 te
1854 3094 2055 3174 ipsum

293 3202 584 3275 Concute,
627 3222 772 3263 num
817 3222 939 3281 qua
980 3201 1092 3263 tibi
1135 3202 1416 3265 vitiorum
1454 3202 1738 3265 inseverit
1775 3201 1918 3262 olim

285 3309 548 3371 Natura.

205 3447 312 3502 sat.
360 3439 447 3512 II,
494 3436 549 3513 8,
598 3435 675 3498 81

293 3544 555 3622 Quaerit
597 3544 671 3605 de
714 3543 932 3624 pueris,
975 3564 1117 3605 num
1165 3543 1244 3606 sit
1285 3563 1523 3624 quoque
1553 3545 1751 3607 fracta
1790 3543 2063 3624 lagoena.

1298 3732 1379 3799 Β.

408 3867 526 3929 Per
564 3866 784 3944 „num“
841 3866 1177 3928 accuratius
1217 3887 1305 3940 ea,
1351 3885 1508 3947 quae
1535 3866 1601 3926 in
1634 3864 2024 3945 praecedente
2045 3862 2507 3945 interrogatione

207 3994 244 4034 a
286 3974 638 4053 pronomine
694 3972 1015 4053 incipiente
1058 3974 1121 4033 in
1165 3974 1506 4038 universam
1565 3972 1730 4034 dicta
1782 3981 1948 4047 sunt,
2010 3973 2347 4035 accuratius
2404 3994 2503 4034 ex-

209 4083 560 4161 primuntur.

208 4221 317 4273 sat.
362 4213 410 4286 1,
457 4212 514 4286 6,
561 4210 644 4272 36

296 4320 435 4396 Quo
476 4329 649 4401 patre
695 4318 775 4380 sit
808 4326 1006 4392 natus,
1052 4338 1198 4379 num
1241 4316 1450 4398 ignota
1490 4324 1683 4381 matre
1722 4317 2067 4379 inhonestus

296 4473 677 4489 .......
720 4447 1003 4506 quaerere
1046 4425 1219 4505 cogit.
