3125 4900
1417 359 1849 421 ..63-

477 539 586 591 sat.
635 530 719 604 II,
769 532 822 605 7,
870 528 988 590 111

1700 617 1826 694 Qui
1870 618 2118 697 praedia
2158 617 2382 690 vendit,

559 725 667 785 Nil
711 724 927 788 servile
968 724 1146 804 gulae
1185 743 1402 803 parens
1445 722 1675 785 habet?

471 854 645 934 epist.
691 855 782 928 ΙΙ,
832 853 885 928 1,
931 851 1012 914 53

560 961 834 1023 Naevius
881 960 944 1019 in
989 959 1272 1020 manibus
1317 979 1433 1020 non
1479 967 1573 1020 est
1608 968 1669 1021 et
1709 959 2012 1021 mentibus
2055 959 2262 1021 haeret

558 1070 758 1129 Paene
796 1070 1042 1153 reeens?
1741 1052 1747 1057 .

683 1197 826 1257 Duo
870 1196 1019 1256 mihi
1063 1194 1350 1256 afferendi
1397 1201 1540 1254 sunt
1563 1191 1717 1267 -loci,
1762 1192 1868 1253 ubi
1911 1193 2009 1255 vel
2054 1194 2473 1275 conjunctivus
2521 1214 2558 1253 a
2601 1190 2784 1270 parti-

471 1303 613 1365 cula
652 1307 792 1378 „ut“
836 1303 1103 1384 pendens
1149 1303 1212 1362 in
1255 1302 1720 1381 interrogatione
1744 1302 2030 1381 negativa
2064 1310 2282 1376 exstat,
2327 1322 2451 1382 qua
2481 1307 2785 1361 strutcura

468 1412 520 1472 is
567 1413 804 1492 quaerit
841 1433 931 1487 ea,
978 1431 1134 1492 quae
1179 1409 1331 1471 alter
1359 1430 1570 1472 revera
1598 1408 1949 1489 postulavit,
1990 1409 2510 1473 vehementissime
2544 1406 2784 1480 refellit,

477 1518 575 1581 vel
619 1518 818 1579 nudus
875 1517 1328 1600 conjunctivus,
1388 1538 1507 1596 quo
1552 1518 1731 1577 modo
1777 1516 1830 1578 is
1887 1519 1992 1598 qui
2035 1519 2388 1598 interrogat,
2449 1516 2679 1578 indicat
2724 1536 2787 1577 se

469 1626 782 1705 suspicari,
837 1626 1091 1686 alterum
1137 1624 1369 1704 aliquid
1393 1622 1841 1703 postulaturum
1871 1646 2015 1700 esse,
2060 1633 2120 1686 et
2140 1646 2269 1687 eam
2296 1622 2782 1705 postulationem,

471 1734 708 1795 etiamsi
754 1754 963 1795 revera
1015 1733 1215 1795 verbis
1275 1732 1522 1793 alterius
1568 1752 1852 1812 expressa
1894 1755 2014 1794 non
2060 1741 2175 1808 est,
2218 1742 2420 1794 tamen
2465 1752 2783 1813 praeoccu-

464 1841 673 1921 pando
715 1841 1132 1921 indignissime
1176 1840 1381 1921 rejicit.
1470 1835 1621 1901 Loci
1667 1849 1810 1902 sunt
1852 1841 1916 1901 hi

464 1979 579 2034 sat.
623 1971 707 2045 H,
753 1969 812 2045 3,
854 1968 981 2031 262

875 2078 1009 2141 Nec
1051 2099 1229 2152 nunc,
1276 2098 1410 2139 cum
1455 2099 1553 2139 me
1594 2085 1768 2141 vocet
1810 2076 1989 2150 ultr0,

551 2185 860 2248 Accedam
880 2187 905 2247 ?
930 2181 974 2267 ¹)

461 2316 638 2396 epist.
668 2316 735 2399 Ι,
785 2314 882 2390 18,
925 2313 1176 2376 16-18

553 2423 753 2499 Alter,
799 2424 1032 2486 rixator
1075 2423 1150 2485 de
1191 2421 1338 2484 lana
1383 2442 1560 2503 saepe
1607 2420 1872 2501 caprina,

554 2533 911 2612 Propugnat
953 2532 1129 2611 nugis
1173 2539 1458 2592 armatus.
1548 2528 1809 2602 Scilicet,
1854 2537 1925 2589 ut
1965 2549 2086 2589 non

552 2640 649 2701 Sit
691 2639 840 2699 mihi
882 2640 1081 2720 prima
1122 2638 1268 2699 fides
1314 2646 1390 2712 et,
1437 2658 1575 2700 vere
1617 2636 1778 2717 quod
1823 2637 2039 2716 placet,
2084 2644 2155 2717 ut
2193 2657 2315 2697 non
2392 2674 2396 2678 .

550 2746 792 2808 Acriter
836 2746 1130 2808 elatrem‘?
1173 2746 1432 2826 pretium
1477 2753 1645 2807 aetas
1691 2743 1884 2806 altera
1928 2743 2142 2805 sordet.

664 2875 817 2938 Cum
880 2876 1228 2955 interpretes
1287 2873 1569 2936 nonnulli
1627 2874 1692 2933 in
1752 2873 1869 2935 hac
1927 2871 2395 2951 interrogatione
2451 2864 2772 2938 haeserint,

454 3001 573 3061 ego
617 2982 836 3057 omnia,
888 3002 1044 3062 quae
1089 2990 1231 3043 sunt
1275 2981 1532 3063 alicujus
1574 2980 1862 3043 momenti
1905 2979 2093 3042 verba
2131 2976 2442 3057 adscripsi.
2507 2973 2775 3035 Ritterus

457 3089 618 3149 enim
671 3089 871 3151 deleto
930 3089 1338 3170 interrogandi
1385 3090 1556 3169 signo
1614 3096 1755 3169 post
1797 3088 2137 3162 „elatrem“,
2196 3087 2310 3148 hoc
2361 3083 2538 3145 modo
2596 3081 2775 3141 inter-

455 3205 771 3277 pretatur:
837 3197 1025 3259 verba
1069 3206 1174 3271 „ut
1214 3219 1334 3258 non
1381 3197 1495 3258 sit“
1539 3197 1684 3258 item
1736 3205 1842 3270 „ut
1883 3217 2006 3257 non
2061 3194 2346 3256 elatrem“
2390 3190 2654 3272 pendent
2698 3209 2773 3250 ex

459 3303 759 3384 „pretium
810 3313 976 3365 aetas
1020 3305 1245 3365 altera“
1291 3305 1391 3383 (·--
1434 3305 1486 3365 si
1520 3304 1714 3366 altera
1758 3314 1922 3366 aetas
1953 3304 2211 3385 pretium
2248 3301 2489 3363 tacendi
2518 3293 2771 3376 feratur)

458 3412 683 3486 sordet,
752 3412 813 3472 id
878 3420 971 3473 est
1035 3433 1191 3492 „pro
1252 3412 1443 3474 nihilo
1504 3411 1657 3473 mihi
1715 3413 1880 3475 erit.“
1967 3411 2168 3475 Simili
2218 3410 2450 3471 ratione
2502 3405 2768 3469 Bachius

454 3520 938 3597 (Zimmermann,
1000 3520 1330 3583 zeitschrift
1371 3522 1472 3582 fiir
1523 3521 1621 3583 die
1664 3520 2440 3583 alterthumswissenschaft
2479 3516 2665 3591 1834,
2705 3537 2763 3596 p.

458 3625 654 3710 1043)
710 3637 771 3690 et
827 3629 1184 3691 Lambinus.
1274 3630 1450 3707 Quae
1501 3630 1940 3711 interpretandi
2000 3631 2156 3692 ratio
2216 3628 2453 3690 etiamsi
2509 3627 2767 3689 fortasse

453 3878 642 3948 Itaque
697 3877 826 3932 bene
876 3879 1254 3956 interpretatur
1302 3878 1536 3934 Orellius
1604 3896 1803 3950 „nonne
1847 3884 1976 3935 tunc
2030 3896 2213 3949 reapse
2262 3896 2332 3946 οε,
2382 3880 2524 3949 quod
2557 3885 2612 3936 te
2648 3898 2761 3936 esse

452 3969 689 4034 simulas,
725 3984 907 4022 servus
942 3986 1166 4037 nequam
1181 3970 1240 4023 ‘?“
1314 3970 1432 4025 Huc
1476 3972 1637 4026 etiam
1673 3971 1942 4026 referenda.
1990 3976 2118 4026 sunt
2154 3990 2229 4039 ea,
2266 3990 2401 4043 quae
2436 3990 2519 4029 vv.
2553 3976 2636 4040 40,
2676 3976 2759 4040 47,

452 4059 534 4124 58,
570 4060 652 4123 70,
678 4059 760 4121 80,
797 4059 864 4111 83
890 4076 922 4112 a
941 4059 1091 4113 Davo
1126 4059 1446 4114 insolentius
1464 4062 1817 4129 proferuntur.
1890 4063 2036 4116 Haec
2054 4063 2222 4131 igitur
2240 4063 2399 4118 verba
2426 4080 2518 4133 pro
2539 4065 2759 4119 interro-

450 4147 668 4216 gatione
690 4146 929 4200 habenda
969 4164 1081 4202 esse
1118 4153 1351 4217 apparet.

658 4236 700 4304 1)
745 4236 826 4305 „N
831 4239 918 4291 ec“
958 4254 1076 4291 cum
1095 4238 1235 4307 apud
1258 4239 1560 4296 Ciceronem
1597 4245 1713 4296 tum
1746 4242 1887 4312 apud
1920 4242 2201 4297 Horatium
2234 4242 2336 4296 hoc
2371 4242 2488 4298 loco
2523 4244 2755 4313 positum

451 4343 565 4383 esse
603 4344 699 4397 pro
744 4344 897 4396 „ne-
911 4328 1153 4396 quidem“
1206 4330 1509 4400 Madvigius
1544 4333 1842 4388 luculenter
1880 4333 2266 4388 demonstravit
2301 4334 2354 4391 in
2392 4333 2518 4390 edit.
2552 4333 2656 4389 Cic.
2697 4334 2759 4389 de

447 4420 539 4474 fin.
575 4437 627 4488 p.
665 4418 733 4472 83
768 4420 824 4473 et
856 4418 1165 4473 821-828,
