3125 4900
1412 361 1791 423 ...6-

463 533 977 612 Quotiescumque
1010 541 1208 593 autem
1250 532 1316 592 in
1363 532 1691 593 scribendis
1736 533 1988 613 singulis
2034 534 2182 596 locis
2228 534 2458 611 codices
2501 534 2658 594 inter
2701 554 2763 594 se

459 642 760 715 differunt,
804 649 873 701 ut
917 639 1201 723 lectiones
1243 661 1445 701 eorum
1490 641 1689 703 afferri
1744 663 1983 704 necesse
2039 643 2118 704 sit
2132 690 2147 718 ,
2208 644 2285 704 ad
2346 642 2758 704 auctoritatem

463 748 700 811 Kelleri
743 757 809 827 et
826 746 1103 824 Holderi,
1149 749 1253 831 qui
1286 749 1350 808 in
1381 749 1603 811 classes
1634 749 2074 831 descripserunt
2106 751 2448 815 universam
2471 751 2761 812 librorum

462 842 1008 937 manuscriptorum
1031 857 1269 936 copiam
1300 877 1395 917 me
1431 857 1752 933 conferam,
1790 859 2013 939 quippe
2048 880 2301 939 quorum
2338 858 2761 921 collationibus

468 964 932 1027 accuratissimis
977 974 1038 1026 et
1069 964 1384 1025 uberrimis
1411 974 1625 1044 poetae
1662 966 1859 1029 verbis
1889 976 2046 1028 recte
2071 966 2503 1029 constituendis
2525 966 2759 1051 firmum

454 1074 630 1155 quasi
711 1073 1172 1135 fundamentum
1232 1074 1494 1153 positum
1548 1074 1644 1136 sit.
1745 1074 1962 1155 Itaque
2013 1085 2189 1137 notas
2242 1075 2479 1137 criticas
2532 1083 2593 1135 et
2643 1073 2760 1134 dis-

463 1184 770 1246 tinctiores
792 1181 1223 1262 explicationes
1258 1203 1295 1243 a
1315 1181 1567 1244 Kellero
1606 1183 1669 1243 in
1696 1183 2116 1264 epilegomenis
2147 1184 2416 1265 prolatas
2446 1183 2762 1263 diligenter

461 1291 782 1355 adhibebo.
897 1290 1217 1351 Rationem
1295 1299 1496 1352 autem
1560 1312 1599 1352 a
1658 1291 1911 1354 Kellero
1969 1293 2286 1373 probatam
2351 1292 2550 1353 dubiis
2609 1292 2758 1353 locis

456 1421 679 1480 sequar
707 1399 796 1461 ita
839 1407 922 1473 ut,
969 1398 1075 1459 ubi
1119 1398 1276 1459 duae
1319 1398 1543 1460 classes
1590 1400 1861 1461 codicum
1891 1401 2047 1462 inter
2076 1421 2139 1462 se
2169 1401 2561 1472 consentiant,
2600 1399 2758 1461 hanc

454 1507 770 1570 lectionem
831 1505 1004 1567 alteri
1056 1526 1093 1566 a
1135 1506 1314 1567 tertia
1360 1505 1552 1567 classe
1591 1506 1895 1569 exhibitae
1922 1508 2259 1588 praeferam
2296 1508 2393 1586 (cf.
2424 1507 2757 1582 Kellerum,

455 1615 752 1697 praefatio
794 1615 845 1689 I,
889 1637 947 1695 p.
996 1612 1034 1674 8
1082 1622 1143 1675 et
1184 1613 1304 1688 III,
1348 1635 1409 1694 p.
1455 1612 1622 1696 790).
1725 1615 2006 1677 Aliorum
2061 1616 2267 1691 libros,
2324 1615 2543 1696 quibus
2601 1624 2757 1690 utar,

450 1724 550 1786 hic
592 1724 802 1785 afferre
844 1721 1002 1796 nolo,
1050 1742 1187 1783 cum
1231 1742 1338 1782 suo
1380 1736 1675 1802 quemque
1716 1722 1849 1784 loco
1896 1724 2291 1785 adnotaturus
2336 1723 2467 1786 sim.

655 1833 811 1893 Tum
855 1830 1004 1891 mihi
1051 1829 1392 1891 addendum
1441 1839 1547 1906 est,
1594 1851 1798 1893 omnes
1842 1853 1940 1892 me
1987 1832 2276 1894 editiones
2314 1853 2352 1894 a
2379 1832 2524 1895 viris
2564 1832 2754 1892 doctis

455 1940 876 2022 comprobatas
925 1938 1335 2000 adhibiturum
1376 1958 1522 2000 esse.
1612 1939 1687 1999 In
1734 1939 2050 2001 afferendis
2096 1949 2291 2002 autem
2347 1940 2497 2001 locis
2552 1960 2585 2000 e
2629 1959 2753 2001 car-

448 2049 712 2111 minibus
747 2055 809 2110 et
851 2046 1060 2128 epodis
1103 2046 1434 2126 desumptis
1470 2066 1689 2128 sequar
1717 2048 2037 2110 editionem
2054 2048 2335 2110 Nauckii·
2355 2057 2497 2110 ante
2527 2057 2751 2128 septem

449 2178 640 2221 annos
700 2155 763 2216 in
820 2155 1015 2217 lucem
1068 2153 1370 2236 prolatam
1383 2202 1398 2229 ,
1462 2154 1524 2215 in
1593 2157 1966 2219 sermonibus
2022 2165 2083 2219 et
2130 2156 2404 2238 epistulis
2456 2156 2754 2236 Kruegeri

445 2266 767 2329 editionem
808 2271 1096 2344 quattuor
1139 2270 1279 2324 ante
1318 2263 1493 2324 annis
1533 2264 1833 2327 emissam.

650 2374 728 2434 In
771 2371 1148 2454 disponenda
1189 2372 1444 2433 materia
1487 2392 1624 2433 eum
1668 2392 1886 2453 sequar
1929 2372 2192 2434 ordinem
2210 2419 2225 2446 ,
2271 2380 2340 2433 ut
2390 2371 2650 2454 primum
2687 2371 2750 2431 in

445 2482 841 2546 disiunctivas
872 2480 1366 2561 interrogationes
1396 2481 1728 2561 inquiram,
1763 2480 1977 2543 deinde
2008 2481 2072 2541 in
2106 2501 2233 2555 eas,
2269 2501 2425 2561 quae
2454 2481 2751 2562 incipiunt

449 2613 487 2654 a
529 2589 832 2673 particula
874 2591 1044 2665 „an“,
1090 2589 1311 2669 quippe
1355 2609 1507 2668 quas
1569 2589 1646 2649 ad
1703 2588 2161 2669 disjunctionem
2206 2588 2575 2651 revocandas
2622 2609 2749 2650 esse

446 2708 629 2779 atque
670 2698 951 2772 medium,
994 2705 1064 2757 ut
1099 2696 1189 2758 ita
1223 2695 1422 2758 dicam
1438 2744 1453 2771 ,
1497 2695 1697 2758 locum
1740 2696 2006 2785 obtinere
2043 2697 2200 2758 inter
2236 2696 2631 2760 disiunctivas
2690 2706 2750 2758 et

334 2877 339 2882 q
450 2807 752 2887 simplices
806 2804 1301 2885 interrogationes
1363 2811 1657 2884 appareat
1671 2849 1686 2876 ,
1746 2812 1875 2865 tum
1945 2825 2152 2866 earum
2213 2805 2748 2885 interrogationum

447 2914 812 2996 simplicium
832 2961 847 2988 ,
910 2933 1066 2993 quae
1125 2932 1231 2992 per
1285 2913 1436 2986 „ne“
1495 2910 1906 2992 proferuntur,
1962 2922 2172 2992 postea
2236 2933 2467 2987 earum,
2513 2932 2668 2993 quae
2710 2933 2748 2973 a

443 3023 668 3097 „num“
720 3021 1037 3101 incipiunt,
1082 3027 1381 3100 postremo
1426 3039 1658 3093 earum,
1713 3040 1867 3100 quae
1914 3020 2230 3100 particulis
2285 3028 2513 3095 carent,
2571 3039 2746 3080 usum

441 3129 793 3192 describam.
883 3129 1089 3208 Atque
1144 3147 1278 3188 eam
1338 3126 1618 3206 exempla
1679 3126 2037 3208 disponendi
2075 3128 2239 3191 viam
2287 3137 2604 3210 propterea
2656 3126 2745 3186 in-

442 3237 680 3318 grediar
696 3282 710 3308 ,
754 3235 917 3315 quod
960 3254 1164 3295 omnes
1225 3233 1722 3313 interrogationes
1781 3234 2192 3298 enuntiativae
2245 3234 2523 3314 primitus
2581 3253 2746 3296 revo-

443 3344 675 3406 candae
753 3352 896 3404 sunt
967 3341 1043 3403 ad
1124 3341 1584 3421 disjunctionem
1664 3338 1770 3421 (cf.
1846 3342 2018 3416 Pott,
2099 3340 2338 3423 etymol.
2410 3339 2629 3402 forsch.
2691 3335 2742 3401 I.

443 3451 586 3514 aufl.
631 3451 715 3525 H,
760 3472 819 3530 p.
879 3445 1068 3530 366),
1111 3469 1267 3528 quac
1309 3448 1545 3510 etiamsi
1592 3447 1894 3510 distinctis
1952 3449 2152 3512 verbis
2196 3470 2319 3511 non
2370 3446 2742 3529 exprimitur,

440 3568 645 3621 tamen
690 3556 996 3619 recondita
1053 3577 1085 3617 e
1139 3555 1568 3618 sententiarum
1615 3578 1776 3619 nexu
1816 3558 2073 3638 perspici
2116 3567 2177 3620 et
2220 3558 2486 3640 suppleri
2529 3564 2741 3637 potest.

648 3666 854 3745 Atque
898 3664 1226 3744 unicuique
1267 3663 1471 3744 generi
1528 3664 2058 3744 interrogationum
2106 3686 2306 3747 pauca
2359 3665 2433 3726 de
2481 3664 2742 3744 particu-

438 3772 636 3833 larum
653 3819 668 3846 ,
723 3771 943 3851 quibus
1001 3770 1145 3832 illae
1196 3771 1684 3847 introducuntur,
1745 3772 1972 3853 origine
2032 3783 2092 3834 et
2148 3774 2210 3836 vi
2258 3772 2521 3853 genuina
2572 3792 2741 3852 prae-

439 3880 694 3953 mittam,
740 3899 858 3958 quo
903 3878 1242 3940 accuratius
1272 3879 1686 3960 perspiciatur,
1732 3901 1854 3960 qua
1889 3880 2123 3942 ratione
2152 3880 2508 3960 significatio
2538 3879 2740 3959 primi-

439 3989 570 4052 tiva
610 3986 906 4068 paulatim
951 3994 1321 4048 commutata
1383 3995 1444 4049 et
1483 3986 1846 4067 peculiarem
1891 3988 1954 4048 in
2003 3988 2248 4050 modum
2289 3988 2464 4068 quasi
2501 3987 2740 4067 longius

438 4115 754 4177 progressa
774 4094 868 4155 sit.
931 4093 1072 4170 Quo
1095 4094 1272 4154 modo
1304 4114 1437 4155 cum
1462 4095 1755 4157 facillime
1782 4096 2040 4177 perspici
2068 4096 2277 4175 possit,
2322 4096 2468 4177 quid
2492 4095 2740 4156 Horatii

437 4203 745 4286 proprium
773 4202 867 4276 sit,
910 4190 1032 4263 non
1066 4201 1342 4263 inutilem
1375 4202 1645 4265 laborem
1672 4204 2006 4284 suscepisse
2037 4204 2184 4265 mihi
2224 4205 2431 4268 videor
2453 4225 2525 4265 ac
2567 4223 2738 4283 spero

436 4312 566 4373 fore
607 4319 678 4373 ut
715 4308 945 4389 aliquid
988 4310 1223 4372 fructus
1260 4310 1673 4390 commodique
1710 4332 1785 4373 ex
1816 4312 2237 4374 dissertatione
2280 4333 2416 4374 mea
2446 4312 2738 4392 capiatur.

639 4417 879 4496 Quibus
922 4418 1100 4480 rebus
1140 4417 1532 4498 praemonitis
1577 4420 1709 4499 jam
1763 4419 1840 4481 ad
1883 4420 2080 4499 ipsam
2129 4440 2253 4481 rem
2303 4419 2736 4499 aggrediamur.
