3125 4900
1315 355 1728 416 -59-

367 525 537 605 epist.
581 525 669 599 Π,
708 523 769 600 2,
814 522 1148 586 205-211

451 633 592 694 Non
638 652 699 693 es
745 653 999 695 avarus:
1044 632 1162 694 abi.
1203 633 1413 710 Quid?
1454 643 1652 696 cetera
1694 636 1814 697 iam
1862 637 2040 698 simul
2085 638 2202 698 isto

452 740 605 802 Gum
651 739 800 802 vitio
842 739 1089 819 fugere?
1176 740 1357 802 Caret
1400 742 1510 802 tibi
1550 751 1760 823 pectus
1802 743 1971 803 inani

455 846 849 909 Ambitione?
897 856 1062 909 caret
1105 849 1313 910 mortis
1349 830 1676 912 ‘formidine
1724 860 1784 913 et
1821 851 1955 912 ira?

453 954 721 1030 Somnia,
767 963 1037 1031 terroreS,
1082 955 1362 1036 magicos,
1407 957 1722 1033 miracula,
1769 979 1967 1038 sagaS,

454 1062 799 1124 Nocturnos
839 1061 1094 1124 lemures
1136 1072 1531 1145 portentaque
1576 1066 1872 1128 Tbessala
1914 1066 2115 1127 rides?

456 1169 713 1232 Natales
757 1180 928 1251 grate
973 1175 1297 1234 numeras?
1337 1173 1598 1252 ignoscis
1644 1174 1896 1235 amicis?

451 1278 676 1339 Lenior
715 1287 776 1340 et
818 1278 1031 1342 melior
1072 1279 1142 1341 fis
1192 1280 1508 1342 accedente
1550 1284 1835 1344 senecta?

458 1385 611 1460 Quid
655 1395 715 1448 te
757 1391 1031 1469 exempta
1078 1388 1227 1450 levat
1272 1388 1460 1469 spinis
1504 1390 1580 1451 de
1618 1389 1894 1471 pluribus
1941 1389 2089 1450 una?

359 1517 533 1597 epist.
574 1516 661 1593 ΙΙ,
706 1514 766 1593 3,
813 1514 937 1577 331

773 1623 866 1684 At
903 1613 1053 1685 haec
1092 1624 1325 1687 animos
1363 1647 1583 1707 aerugo
1627 1634 1688 1688 et
1725 1647 1871 1688 cura
1912 1624 2110 1706 peculi

449 1731 602 1793 Cum
644 1732 825 1793 semel
877 1731 1177 1810 imbuerit,
1223 1755 1534 1815 speramus
1581 1735 1853 1797 carmina
1893 1733 2041 1814 fingi

450 1841 636 1902 Posse
674 1840 923 1902 linenda
967 1841 1185 1904 cedro?

449 1987 519 2069 2)
562 1990 668 2052 Ab
705 1989 800 2060 iis,
845 2010 999 2070 quas
1042 1989 1240 2052 adhuc
1284 1990 1709 2052 commemoria
1750 1988 2320 2070 interrogationibus
2365 2008 2471 2050 eae
2512 1988 2588 2050 de

719 2098 939 2178 quibus
985 2119 1149 2160 nunc
1192 2098 1339 2158 mihi
1386 2098 1816 2179 disputandum
1863 2107 1969 2173 est,
2016 2097 2319 2159 recedunt.

570 2227 733 2288 Nam
792 2227 865 2289 iis
926 2228 1530 2308 interrogationibus,
1591 2228 1654 2287 in
1711 2227 1931 2308 quibus
1989 2227 2292 2308 particula
2343 2226 2484 2302 „ut“
2533 2246 2670 2285 cum

359 2335 748 2399 coniunctivo
803 2336 1125 2398 coniuncta
1198 2336 1295 2399 vel
1339 2337 1537 2398 nudus
1612 2336 2031 2418 conjunctivus
2091 2343 2360 2411 exstant,
2427 2333 2672 2395 alterius

357 2445 691 2526 postulatio
754 2467 885 2506 cum
946 2445 1361 2526 indignatione
1420 2445 1681 2526 quadam
1728 2444 1824 2508 vel
1877 2443 2318 2526 improbatione
2360 2442 2672 2505 vehemen-

358 2553 596 2614 tissime
638 2553 1006 2633 repudiatur.
1053 2554 1127 2615 cf.
1159 2575 1249 2629 ea,
1295 2575 1451 2634 quae
1497 2575 1682 2633 supra
1719 2554 1865 2630 dixi,
1916 2553 2020 2615 ubi
2060 2553 2136 2614 de
2164 2552 2468 2633 particula
2517 2552 2666 2627 „ne“

360 2661 653 2737 disserui,
721 2669 781 2722 et
839 2660 1134 2720 Krazium
1194 2662 1234 2722 1.
1277 2682 1327 2723 c.
1371 2683 1428 2742 p.
1474 2660 1558 2723 29
1604 2670 1665 2723 et
1708 2659 1823 2734 303
1886 2660 2249 2723 Muellerum
2312 2658 2506 2735 „iiber
2573 2657 2672 2718 die

363 2777 740 2848 sogenannte
782 2768 1090 2849 unwillige
1129 2769 1336 2850 frage“
1386 2778 1494 2832 etc.
1540 2791 1600 2850 p.
1650 2770 1728 2856 13
1775 2779 1836 2832 et
1880 2768 1991 2843 16;
2048 2768 2416 2844 Obbarium,
2461 2766 2673 2848 philol.

357 2885 505 2938 tom.
548 2875 631 2935 25
675 2898 734 2957 p.
779 2875 1096 2939 542-44.

358 2984 533 3065 epod.
583 2983 682 3060 17,
726 2983 829 3060 56,
876 2983 959 3046 59

447 3091 690 3152 Inultus
729 3101 800 3153 ut
842 3100 909 3153 tu
954 3092 1153 3154 riseris
1198 3092 1472 3173 Cotyttia

445 3199 721 3279 Volgata
755 3248 768 3261 .
802 3248 816 3263 .
849 3248 863 3262 .
911 3196 1021 3281 (et)
1054 3247 1401 3262 ........

449 3308 708 3387 Impune
751 3317 822 3369 ut
863 3308 1071 3370 urbem
1113 3308 1359 3370 nomine
1403 3307 1669 3388 impleris
1710 3310 1887 3369 meo?

361 3445 475 3499 sat.
519 3438 572 3512 Ι,
617 3436 678 3514 3,
721 3435 802 3500 93

776 3545 943 3623 Quia
982 3544 1218 3624 pullum
1254 3592 1507 3608 ......

449 3651 715 3714 Sustulit
756 3653 1043 3731 esurienS,
1089 3654 1288 3715 minus
1335 3654 1450 3716 hoc
1487 3653 1786 3714 iucundus
1827 3651 2056 3713 amicus

448 3760 544 3822 Sit
584 3759 775 3821 mihi?

361 3876 473 3929 sat.
519 3868 571 3943 I,
623 3865 722 3943 10,
766 3865 850 3928 30

449 3975 694 4037 Scilicet
732 3974 956 4036 oblitus
1003 3975 1354 4056 patriaeque
1397 3975 1708 4056 patrisque
1745 3975 1975 4052 Latini,

452 4130 656 4146 .....
686 4083 900 4164 patriis
945 4083 1351 4146 intermiscere
1394 4084 1587 4164 petita

449 4191 660 4254 Verba
698 4191 847 4253 foris
892 4191 1113 4253 malis?

362 4309 472 4362 sat.
516 4300 603 4376 II,
645 4299 682 4360 3
729 4298 849 4360 182

374 4477 381 4483 ,
451 4408 525 4471 In
571 4408 757 4471 cicere
804 4416 984 4492 atque
1019 4407 1168 4469 faba
1211 4407 1373 4469 bona
1415 4415 1480 4468 tu
1524 4406 1860 4491 perdasque
1903 4405 2172 4490 lupinis?
