3125 4900
1436 384 1860 448 ...40-

497 577 727 618 morum
787 557 962 619 lectio
1028 577 1280 633 „nemon
1340 559 1447 620 ut“
1507 567 1570 620 et
1629 558 1936 639 opiniones
1991 579 2193 620 eorum
2213 603 2228 634 ,
2287 557 2477 621 veluti
2525 558 2786 621 Bentleii

496 665 664 745 (usus
707 686 839 727 sum
885 665 1142 727 editione
1172 664 1335 727 1869
1382 686 1541 727 anno
1585 666 1646 725 in
1692 665 1887 727 lucem
1917 665 2191 746 prolata),
2234 647 2467 743 Jahnii‚
2510 666 2783 744 aliorum,

496 775 599 854 qui
644 773 1114 853 indignationem
1163 773 1262 833 hic
1306 773 1558 852 exprimi
1592 773 2105 849 existimaverunt,
2150 794 2394 853 prorsus
2426 774 2785 853 rejiciendae

497 890 653 942 sunt.
744 880 949 962 Atque
974 881 1135 942 tertii
1165 880 1388 941 ordinis
1421 881 1693 943 codicum
1723 881 2035 944 lectionem
2084 903 2196 958 „ne
2224 902 2345 942 non
2379 882 2495 942 sit“
2544 882 2784 943 silentio

492 989 1085 1069 praetermittendam
1130 1009 1258 1050 esse
1299 1009 1536 1065 cense0,
1592 990 1815 1070 quippe
1858 1010 2014 1069 quae
2051 990 2221 1050 nullo
2276 989 2452 1050 modo
2495 990 2785 1070 explicari

496 1098 705 1179 possit.
793 1097 914 1160 Sed
972 1097 1191 1158 codicis
1241 1096 1556 1157 Blaudinii
1621 1098 1846 1177 quarti,
1907 1097 2011 1177 qui
2066 1097 2285 1158 dicitur
2321 1097 2785 1176 vetustissimus,

492 1205 763 1267 lectionis
807 1204 1083 1284 quamvis
1127 1203 1542 1284 improbabilis
1587 1205 1947 1267 mentionem
1989 1205 2187 1267 facere
2227 1205 2408 1266 liceat
2442 1205 2619 1282 mihi,
2681 1206 2785 1286 qui

487 1313 634 1394 legit
689 1312 831 1393 „qui
874 1332 1048 1373 nemo
1092 1321 1161 1373 ut
1204 1313 1484 1386 avarus“,
1545 1332 1620 1373 ea
1671 1313 1746 1374 de
1800 1335 1987 1374 causa
2040 1314 2184 1394 quia
2243 1312 2413 1373 illam
2466 1313 2785 1375 lectionem

490 1421 792 1501 Cruquius
851 1429 911 1481 et
975 1441 1051 1481 ex
1110 1419 1535 1481 recentioribus
1602 1421 1929 1483 editoribus
1997 1420 2336 1483 Meinekins
2350 1466 2365 1497 ‚
2446 1422 2785 1502 Hauptius,

489 1529 806 1605 LehrsiuS,
866 1529 940 1589 L.
983 1527 1315 1590 Muellerus
1372 1538 1747 1609 receperunt,
1809 1531 2202 1591 Hermannus
2260 1530 2360 1608 (cf.
2396 1530 2603 1610 Leipz.
2660 1531 2784 1593 Lit.

485 1637 628 1700 Zeit.
673 1637 784 1698 Nr.
834 1635 979 1697 251.
1026 1670 1108 1679 -—-
1155 1634 1343 1712 1829)
1411 1637 1799 1716 comprobare
1858 1647 1918 1699 et
1979 1638 2326 1700 confirmare
2377 1646 2628 1699 conatus
2674 1647 2784 1701 est.

485 1744 589 1806 Illi
653 1753 852 1806 autem
911 1744 1026 1806 viri
1085 1744 1245 1805 docti
1300 1744 1450 1804 haec
1492 1744 1680 1807 verba
1732 1745 2188 1825 explicaverunt
2236 1744 2571 1807 rationibus
2629 1747 2786 1808 inter

487 1871 550 1912 se
589 1851 771 1932 plane
815 1851 1086 1928 diversis,
1129 1871 1285 1930 quae
1326 1852 1646 1913 conamina
1689 1852 2040 1915 Schuetzins
2073 1854 2158 1931 (in
2199 1852 2339 1914 edit.
2386 1853 2550 1915 satir.
2593 1852 2783 1933 1881)

485 1960 869 2040 sagacissime
929 1959 1235 2021 refutavit.
1340 1960 1547 2040 Atque
1608 1961 1790 2022 etiam
1851 1961 2151 2041 Reisigius
2208 1960 2394 2023 verba
2464 1960 2781 2042 distinguit

489 2067 676 2146 ‚,qui?
727 2086 902 2127 nemo
945 2075 1015 2127 ut
1052 2087 1271 2129 avarus
1317 2087 1379 2129 se
1420 2067 1637 2146 probet
1654 2069 1716 2128 ?“
1766 2069 1879 2145 ita,
1933 2076 2004 2129 ut
2044 2066 2272 2147 duplici
2315 2067 2780 2147 interrogatione

484 2183 704 2236 utatur.
809 2175 1009 2252 Quam
1077 2174 1509 2254 interpretandi
1567 2176 1856 2237 rationem
1921 2196 2136 2256 parum
2198 2173 2573 2254 probabilem
2632 2196 2776 2251 esse,

485 2283 749 2353 Orellius
792 2283 955 2360 (edit.
986 2282 1106 2355 ΠΙ,
1150 2279 1337 2359 1850)
1380 2282 1599 2343 docuit.
1687 2283 2089 2363 Nipperdeius
2131 2291 2347 2356 autem,
2388 2282 2777 2360 Fritzschius‚

481 2391 902 2454 Doederlinius
952 2391 1196 2468 (Horat.
1256 2398 1367 2452 sat.
1418 2390 1623 2471 Leipz.
1674 2390 1859 2469 1860)
1926 2411 2177 2472 quorum
2244 2390 2470 2471 priores
2532 2391 2776 2472 ‚2quia“‚

480 2500 901 2564 Doederlinius
955 2517 1242 2579 nemoque
1251 2499 1280 2530 ‘⁶
1341 2497 1550 2578 legunt
1570 2547 1586 2574 ,
1628 2500 1691 2560 in
1730 2520 1804 2560 ea
1846 2519 1909 2560 re
1948 2499 2356 2575 consentiunt,
2406 2519 2443 2559 a
2482 2499 2778 2579 scriptura

482 2609 701 2670 codicis
744 2606 1134 2672 vetustissimi
1192 2605 1505 2667 Blaudinii
1549 2627 1861 2668 emanasse
1878 2652 1893 2683 ,
1956 2627 2139 2687 quam
2200 2606 2555 2667 auctoritate
2597 2606 2777 2686 hujus

481 2716 659 2779 unius
728 2715 948 2777 codicis
1013 2714 1336 2775 sustentari
1391 2722 1452 2775 et
1503 2734 1682 2775 sensu
1743 2712 2043 2794 probabili
2097 2734 2297 2775 carere
2359 2712 2775 2802 elegantiaque

479 2826 713 2907 poetica
768 2824 1119 2887 Schuetzius
1178 2821 1625 2883 demonstravit.
1728 2822 1904 2899 Quae
1958 2843 2093 2884 cum
2150 2822 2242 2884 ita
2299 2822 2447 2898 sint,
2506 2842 2640 2883 cum
2699 2841 2777 2882 ex

478 2933 651 2994 nulla
710 2953 946 3008 earum,
997 2951 1149 3011 quas
1189 2929 1443 3009 protuli,
1501 2929 1824 2991 lectionum
1894 2930 2190 2991 sententia
2239 2930 2385 2991 satis
2440 2927 2774 3009 probabilis

480 3039 803 3115 efficiatur,
877 3037 1130 3100 aliorum
1195 3036 1464 3098 codicum
1527 3037 1885 3117 scripturam
1942 3037 2318 3118 probandam
2370 3058 2498 3098 esse
2546 3036 2773 3117 judico,

480 3167 731 3227 quorum
789 3145 853 3205 in
914 3157 1160 3206 numero
1222 3144 1432 3205 tertius
1497 3144 1859 3205 Blaudinius
1930 3144 2189 3224 primum
2258 3143 2456 3205 locum
2525 3143 2774 3205 obtinet.

478 3255 732 3337 Legitur
792 3253 950 3317 enim
994 3253 1057 3313 in
1100 3251 1224 3313 illis
1268 3251 1440 3314 libris
1482 3272 1625 3312 mss.
1677 3272 1887 3327 „nemo
1930 3252 2035 3313 ut“
2084 3251 2196 3325 ita,
2250 3259 2320 3312 ut
2362 3250 2565 3312 hiatus
2614 3251 2772 3312 inter

481 3364 590 3426 illa
629 3363 819 3427 verba
859 3359 1204 3424 intercedat.
1292 3359 1416 3421 Illa
1474 3367 1674 3421 autem
1726 3360 2023 3439 scriptura
2070 3380 2281 3435 „nemo
2321 3360 2427 3420 ut“
2478 3380 2517 3420 a
2561 3358 2771 3438 paucis

480 3470 784 3534 codicibus
830 3470 1070 3545 tradita,
1114 3467 1191 3530 ab
1233 3467 1594 3549 optimorum
1637 3467 1925 3529 librorum
1971 3488 2225 3544 „nemon
2270 3468 2373 3528 ut“
2426 3466 2557 3528 sola
2595 3466 2773 3529 litera

487 3581 601 3657 ,‚n“
652 3579 938 3660 adjuncta
981 3578 1197 3651 differt,
1242 3585 1311 3638 ut
1345 3575 1669 3639 verisimile
1718 3576 1811 3650 sit,
1856 3575 2132 3637 librarios
2169 3577 2299 3656 jam
2340 3574 2770 3655 antiquissimis

478 3688 845 3770 temporibus
888 3687 951 3747 in
995 3686 1168 3747 hiatu
1213 3684 1530 3747 offendisse
1571 3692 1653 3757 et,
1698 3693 1768 3745 ut
1809 3683 1983 3744 illum
2018 3683 2321 3758 tollerent,
2373 3683 2607 3744 literam
2648 3682 2763 3758 „n“

476 3794 773 3857 vocabulo
823 3814 1033 3871 „nemo
1045 3794 1074 3825 “
1127 3792 1428 3873 adjecisse.
1516 3790 1720 3868 Quam
1766 3789 2123 3851 emendandi
2164 3789 2455 3851 rationem
2492 3787 2767 3851 librarios

481 3902 604 3963 illis
647 3901 813 3975 locis,
860 3901 964 3963 ubi
1006 3900 1070 3960 in
1102 3899 1335 3961 difficili
1367 3898 1620 3960 lectione
1647 3897 1993 3972 haerebant,
2037 3905 2268 3958 secutos
2298 3916 2427 3958 esse
2458 3896 2770 3958 confirmat

473 4009 755 4073 Kellerus
801 4008 879 4069 ad
921 4029 1102 4070 carm.
1145 4007 1273 4083 III,
1318 4006 1414 4080 14,
1464 4005 1560 4081 11,
1606 4005 1741 4086 epil.
1790 4006 1839 4079 Ι,
1883 4027 1944 4085 p.
1988 4004 2114 4066 235
2139 4026 2226 4085 sq.
2311 4004 2526 4084 Itaque
2567 4004 2766 4066 lectio·

473 4138 608 4178 nem
623 4165 638 4193 ‚
694 4137 874 4197 quam
931 4116 1304 4195 Kruegerus,
1353 4114 1643 4188 OrelliuS,
1687 4113 1984 4187 Ritterus,
2024 4112 2421 4187 Kirchnerus‚
2464 4111 2764 4187 Kellerus‚

473 4225 579 4286 alii
623 4226 686 4285 in
727 4232 958 4286 textum
989 4232 1354 4303 receperunt,
1405 4243 1615 4299 „nemo
1645 4223 1750 4283 ut“
1785 4220 2151 4301 primitivam
2177 4220 2364 4281 fuisse
2391 4220 2453 4279 in
2483 4228 2764 4300 promptu

471 4344 577 4398 est.
697 4334 770 4394 In
848 4333 1020 4393 hiatu
1079 4341 1275 4392 autem
1361 4330 1781 4393 offendendum
1869 4350 1991 4390 non
2069 4337 2160 4390 est
2219 4336 2534 4408 propterea
2602 4327 2762 4408 quod

468 4443 761 4526 producta
803 4440 1043 4522 syllaba
1090 4442 1263 4518 „m0“
1309 4440 1374 4501 in
1413 4442 1662 4516 „nemo“
1702 4438 1902 4520 posita
1930 4445 2020 4499 est
2053 4437 2116 4496 in
2148 4436 2287 4497 arsi.
2373 4435 2559 4515 Cujus
2594 4433 2761 4495 modi
