<?xml version="1.0" encoding="UTF-8"?>
<!DOCTYPE html PUBLIC "-//W3C//DTD XHTML 1.0 Transitional//EN"
    "http://www.w3.org/TR/xhtml1/DTD/xhtml1-transitional.dtd">
<html xmlns="http://www.w3.org/1999/xhtml" xml:lang="en" lang="en">
 <head>
  <title>
</title>
<meta http-equiv="Content-Type" content="text/html;charset=utf-8" />
  <meta name='ocr-system' content='tesseract 3.04.00' />
  <meta name='ocr-capabilities' content='ocr_page ocr_carea ocr_par ocr_line ocrx_word'/>
</head>
<body>
  <div class='ocr_page' id='page_1' title='image "./deinterrogation00grabgoog_0037.png"; bbox 0 0 3125 4900; ppageno 0'>
   <div class='ocr_carea' id='block_1_1' title="bbox 1289 378 1720 441">
    <p class='ocr_par' dir='ltr' id='par_1_1' title="bbox 1289 378 1720 441">
     <span class='ocr_line' id='line_1_1' title="bbox 1289 378 1720 441; baseline -0.002 -15"><span class='ocrx_word' id='word_1_1' title='bbox 1289 378 1720 441; x_wconf 73' lang='lat'><strong>-33-</strong></span> 
     </span>
    </p>
   </div>
   <div class='ocr_carea' id='block_1_2' title="bbox 353 549 1936 848">
    <p class='ocr_par' dir='ltr' id='par_1_2' title="bbox 353 549 1936 848">
     <span class='ocr_line' id='line_1_2' title="bbox 353 549 837 630; baseline -0.002 -17"><span class='ocrx_word' id='word_1_2' title='bbox 353 560 467 615; x_wconf 90' lang='lat' dir='ltr'><strong>sat.</strong></span> <span class='ocrx_word' id='word_1_3' title='bbox 513 552 602 630; x_wconf 89' lang='lat' dir='ltr'><strong>H,</strong></span> <span class='ocrx_word' id='word_1_4' title='bbox 647 551 707 629; x_wconf 85' lang='lat'><strong>5,</strong></span> <span class='ocrx_word' id='word_1_5' title='bbox 753 551 793 612; x_wconf 84' lang='grc'><strong>’7</strong></span> <span class='ocrx_word' id='word_1_6' title='bbox 797 549 837 612; x_wconf 91' lang='grc'>6</span> 
     </span>
     <span class='ocr_line' id='line_1_3' title="bbox 1576 658 1847 722; baseline 0.007 -2"><span class='ocrx_word' id='word_1_7' title='bbox 1576 658 1847 722; x_wconf 80' lang='lat' dir='ltr'><strong>Putasne</strong></span> 
     </span>
     <span class='ocr_line' id='line_1_4' title="bbox 433 764 1936 848; baseline -0.001 -17"><span class='ocrx_word' id='word_1_8' title='bbox 433 769 698 832; x_wconf 89' lang='lat' dir='ltr'><strong>Perduci</strong></span> <span class='ocrx_word' id='word_1_9' title='bbox 739 766 967 848; x_wconf 89' lang='lat' dir='ltr'><strong>poterit</strong></span> <span class='ocrx_word' id='word_1_10' title='bbox 1011 774 1137 828; x_wconf 90' lang='lat' dir='ltr'><strong>tam</strong></span> <span class='ocrx_word' id='word_1_11' title='bbox 1180 764 1344 846; x_wconf 87' lang='lat' dir='ltr'>frugi</span> <span class='ocrx_word' id='word_1_12' title='bbox 1386 772 1632 847; x_wconf 91' lang='lat' dir='ltr'><strong>tamque</strong></span> <span class='ocrx_word' id='word_1_13' title='bbox 1671 768 1936 848; x_wconf 81' lang='lat' dir='ltr'><strong>pudica?</strong></span> 
     </span>
    </p>
   </div>
   <div class='ocr_carea' id='block_1_3' title="bbox 350 874 1833 1022">
    <p class='ocr_par' dir='ltr' id='par_1_3' title="bbox 350 874 1833 1022">
     <span class='ocr_line' id='line_1_5' title="bbox 350 874 836 955; baseline -0.006 -16"><span class='ocrx_word' id='word_1_14' title='bbox 350 886 465 941; x_wconf 89' lang='lat' dir='ltr'><strong>sat.</strong></span> <span class='ocrx_word' id='word_1_15' title='bbox 511 877 598 955; x_wconf 94' lang='grc' dir='ltr'><strong>ΙΙ,</strong></span> <span class='ocrx_word' id='word_1_16' title='bbox 649 878 707 955; x_wconf 87' lang='grc'><strong>7,</strong></span> <span class='ocrx_word' id='word_1_17' title='bbox 755 874 836 937; x_wconf 89' lang='lat'><strong>88</strong></span> 
     </span>
     <span class='ocr_line' id='line_1_6' title="bbox 1575 959 1833 1022; baseline 0.004 -1"><span class='ocrx_word' id='word_1_18' title='bbox 1575 959 1833 1022; x_wconf 81' lang='lat' dir='ltr'><strong>Potesne</strong></span> 
     </span>
    </p>
   </div>
   <div class='ocr_carea' id='block_1_4' title="bbox 435 1067 1664 1150">
    <p class='ocr_par' dir='ltr' id='par_1_4' title="bbox 435 1067 1664 1150">
     <span class='ocr_line' id='line_1_7' title="bbox 435 1067 1664 1150; baseline -0.003 -17"><span class='ocrx_word' id='word_1_19' title='bbox 435 1072 538 1133; x_wconf 87' lang='lat' dir='ltr'><strong>Ex</strong></span> <span class='ocrx_word' id='word_1_20' title='bbox 580 1070 676 1131; x_wconf 93' lang='lat' dir='ltr'><strong>his</strong></span> <span class='ocrx_word' id='word_1_21' title='bbox 722 1077 792 1131; x_wconf 93' lang='lat' dir='ltr'><strong>ut</strong></span> <span class='ocrx_word' id='word_1_22' title='bbox 833 1068 1143 1150; x_wconf 90' lang='lat' dir='ltr'><strong>proprium</strong></span> <span class='ocrx_word' id='word_1_23' title='bbox 1188 1067 1335 1149; x_wconf 89' lang='lat' dir='ltr'><strong>quid</strong></span> <span class='ocrx_word' id='word_1_24' title='bbox 1373 1070 1664 1129; x_wconf 82' lang='lat' dir='ltr'><strong>noscere?</strong></span> 
     </span>
    </p>
   </div>
   <div class='ocr_carea' id='block_1_5' title="bbox 349 1197 1569 1275">
    <p class='ocr_par' dir='ltr' id='par_1_5' title="bbox 349 1197 1569 1275">
     <span class='ocr_line' id='line_1_8' title="bbox 349 1197 1569 1275; baseline -0.002 -14"><span class='ocrx_word' id='word_1_25' title='bbox 349 1201 482 1262; x_wconf 89' lang='lat' dir='ltr'><strong>Nos</strong></span> <span class='ocrx_word' id='word_1_26' title='bbox 525 1208 830 1264; x_wconf 81' lang='lat' dir='ltr'><strong>vertamus</strong></span> <span class='ocrx_word' id='word_1_27' title='bbox 869 1197 1139 1275; x_wconf 89' lang='lat' dir='ltr'><strong>„kannst</strong></span> <span class='ocrx_word' id='word_1_28' title='bbox 1180 1198 1263 1259; x_wconf 89' lang='lat' dir='ltr'><strong>du</strong></span> <span class='ocrx_word' id='word_1_29' title='bbox 1306 1205 1488 1260; x_wconf 80' lang='lat' dir='ltr'><strong>etwas</strong></span> <span class='ocrx_word' id='word_1_30' title='bbox 1502 1197 1569 1260; x_wconf 82' lang='lat'><strong>?“</strong></span> 
     </span>
    </p>
   </div>
   <div class='ocr_carea' id='block_1_6' title="bbox 350 1325 1937 1861">
    <p class='ocr_par' dir='ltr' id='par_1_6' title="bbox 350 1325 1937 1861">
     <span class='ocr_line' id='line_1_9' title="bbox 350 1325 894 1410; baseline -0.011 -18"><span class='ocrx_word' id='word_1_31' title='bbox 350 1330 523 1410; x_wconf 83' lang='lat' dir='ltr'><strong>epist.</strong></span> <span class='ocrx_word' id='word_1_32' title='bbox 569 1329 621 1405; x_wconf 90' lang='grc' dir='ltr'><strong>Ι,</strong></span> <span class='ocrx_word' id='word_1_33' title='bbox 667 1325 768 1404; x_wconf 89' lang='grc'><strong>10,</strong></span> <span class='ocrx_word' id='word_1_34' title='bbox 815 1326 894 1387; x_wconf 88' lang='grc'><strong>14</strong></span> 
     </span>
     <span class='ocr_line' id='line_1_10' title="bbox 437 1433 1774 1514; baseline -0.001 -15"><span class='ocrx_word' id='word_1_35' title='bbox 437 1436 758 1500; x_wconf 80' lang='lat' dir='ltr'><strong>Novistine</strong></span> <span class='ocrx_word' id='word_1_36' title='bbox 798 1435 998 1497; x_wconf 93' lang='lat' dir='ltr'><strong>locum</strong></span> <span class='ocrx_word' id='word_1_37' title='bbox 1041 1434 1331 1514; x_wconf 88' lang='lat' dir='ltr'><strong>potiorem</strong></span> <span class='ocrx_word' id='word_1_38' title='bbox 1378 1455 1513 1496; x_wconf 91' lang='lat' dir='ltr'><strong>rure</strong></span> <span class='ocrx_word' id='word_1_39' title='bbox 1553 1433 1774 1497; x_wconf 82' lang='lat' dir='ltr'><strong>beato?</strong></span> 
     </span>
     <span class='ocr_line' id='line_1_11' title="bbox 352 1562 901 1647; baseline -0.007 -20"><span class='ocrx_word' id='word_1_40' title='bbox 352 1566 525 1647; x_wconf 82' lang='lat' dir='ltr'><strong>epist.</strong></span> <span class='ocrx_word' id='word_1_41' title='bbox 572 1565 625 1641; x_wconf 93' lang='lat' dir='ltr'><strong>I,</strong></span> <span class='ocrx_word' id='word_1_42' title='bbox 675 1563 775 1640; x_wconf 91' lang='grc'><strong>16,</strong></span> <span class='ocrx_word' id='word_1_43' title='bbox 822 1562 901 1624; x_wconf 87' lang='grc'>31</span> 
     </span>
     <span class='ocr_line' id='line_1_12' title="bbox 439 1671 1937 1752; baseline -0.002 -17"><span class='ocrx_word' id='word_1_44' title='bbox 439 1673 593 1735; x_wconf 90' lang='lat' dir='ltr'><strong>Cum</strong></span> <span class='ocrx_word' id='word_1_45' title='bbox 635 1672 863 1752; x_wconf 88' lang='lat' dir='ltr'><strong>pateris</strong></span> <span class='ocrx_word' id='word_1_46' title='bbox 904 1671 1146 1752; x_wconf 89' lang='lat' dir='ltr'><strong>sapiens</strong></span> <span class='ocrx_word' id='word_1_47' title='bbox 1192 1671 1663 1752; x_wconf 82' lang='lat' dir='ltr'><strong>emendatusque</strong></span> <span class='ocrx_word' id='word_1_48' title='bbox 1702 1673 1937 1735; x_wconf 87' lang='lat' dir='ltr'><strong>vocari:</strong></span> 
     </span>
     <span class='ocr_line' id='line_1_13' title="bbox 439 1779 1737 1861; baseline -0.001 -18"><span class='ocrx_word' id='word_1_49' title='bbox 439 1780 869 1861; x_wconf 88' lang='lat' dir='ltr'><strong>Respondesne</strong></span> <span class='ocrx_word' id='word_1_50' title='bbox 911 1788 1036 1856; x_wconf 90' lang='lat' dir='ltr'><strong>tuo,</strong></span> <span class='ocrx_word' id='word_1_51' title='bbox 1083 1780 1181 1840; x_wconf 89' lang='lat' dir='ltr'><strong>dic</strong></span> <span class='ocrx_word' id='word_1_52' title='bbox 1222 1779 1413 1857; x_wconf 91' lang='lat' dir='ltr'><strong>sodes,</strong></span> <span class='ocrx_word' id='word_1_53' title='bbox 1453 1780 1737 1842; x_wconf 86' lang='lat' dir='ltr'><strong>nomine?</strong></span> 
     </span>
    </p>
   </div>
   <div class='ocr_carea' id='block_1_7' title="bbox 358 1907 1668 2096">
    <p class='ocr_par' dir='ltr' id='par_1_7' title="bbox 358 1907 1668 2096">
     <span class='ocr_line' id='line_1_14' title="bbox 358 1907 906 1990; baseline -0.007 -19"><span class='ocrx_word' id='word_1_54' title='bbox 358 1909 530 1990; x_wconf 89' lang='lat' dir='ltr'><strong>epist.</strong></span> <span class='ocrx_word' id='word_1_55' title='bbox 574 1909 627 1986; x_wconf 91' lang='lat' dir='ltr'><strong>I,</strong></span> <span class='ocrx_word' id='word_1_56' title='bbox 679 1908 777 1985; x_wconf 87' lang='grc'><strong>19,</strong></span> <span class='ocrx_word' id='word_1_57' title='bbox 825 1907 906 1968; x_wconf 94' lang='grc'><strong>14</strong></span> 
     </span>
     <span class='ocr_line' id='line_1_15' title="bbox 447 2014 1668 2096; baseline 0 -18"><span class='ocrx_word' id='word_1_58' title='bbox 447 2016 654 2095; x_wconf 71' lang='lat' dir='ltr'><strong>Quid?</strong></span> <span class='ocrx_word' id='word_1_59' title='bbox 699 2016 751 2077; x_wconf 90' lang='lat' dir='ltr'><strong>si</strong></span> <span class='ocrx_word' id='word_1_60' title='bbox 795 2016 930 2096; x_wconf 90' lang='lat' dir='ltr'><strong>quis</strong></span> <span class='ocrx_word' id='word_1_61' title='bbox 976 2014 1148 2079; x_wconf 84' lang='lat' dir='ltr'><strong>voltu</strong></span> <span class='ocrx_word' id='word_1_62' title='bbox 1193 2024 1365 2079; x_wconf 87' lang='lat' dir='ltr'><strong>torvo</strong></span> <span class='ocrx_word' id='word_1_63' title='bbox 1411 2061 1668 2078; x_wconf 93' lang='lat'><strong>.....</strong></span> 
     </span>
    </p>
   </div>
   <div class='ocr_carea' id='block_1_8' title="bbox 449 2123 1968 2311">
    <p class='ocr_par' dir='ltr' id='par_1_8' title="bbox 449 2123 1968 2311">
     <span class='ocr_line' id='line_1_16' title="bbox 450 2123 1535 2199; baseline -0.003 -14"><span class='ocrx_word' id='word_1_64' title='bbox 450 2171 707 2186; x_wconf 93' lang='grc'><strong>.....</strong></span> <span class='ocrx_word' id='word_1_65' title='bbox 756 2123 1002 2185; x_wconf 85' lang='lat' dir='ltr'><strong>simulet</strong></span> <span class='ocrx_word' id='word_1_66' title='bbox 1045 2171 1058 2185; x_wconf 93' lang='lat'><strong>.</strong></span> <span class='ocrx_word' id='word_1_67' title='bbox 1105 2170 1120 2184; x_wconf 94' lang='lat'><strong>.</strong></span> <span class='ocrx_word' id='word_1_68' title='bbox 1168 2169 1181 2182; x_wconf 93' lang='lat'><strong>.</strong></span> <span class='ocrx_word' id='word_1_69' title='bbox 1224 2123 1535 2199; x_wconf 88' lang='lat' dir='ltr'><strong>Catonem,</strong></span> 
     </span>
     <span class='ocr_line' id='line_1_17' title="bbox 449 2230 1968 2311; baseline -0.003 -17"><span class='ocrx_word' id='word_1_70' title='bbox 449 2232 832 2295; x_wconf 90' lang='lat' dir='ltr'><strong>Virtutemne</strong></span> <span class='ocrx_word' id='word_1_71' title='bbox 876 2240 1280 2311; x_wconf 85' lang='lat' dir='ltr'><strong>repraesentet</strong></span> <span class='ocrx_word' id='word_1_72' title='bbox 1321 2251 1633 2311; x_wconf 88' lang='lat' dir='ltr'><strong>moresque</strong></span> <span class='ocrx_word' id='word_1_73' title='bbox 1672 2230 1968 2292; x_wconf 83' lang='lat' dir='ltr'><strong>Catonis?</strong></span> 
     </span>
    </p>
   </div>
   <div class='ocr_carea' id='block_1_9' title="bbox 362 2359 2122 2658">
    <p class='ocr_par' dir='ltr' id='par_1_9' title="bbox 362 2359 2122 2658">
     <span class='ocr_line' id='line_1_18' title="bbox 362 2359 895 2442; baseline -0.004 -18"><span class='ocrx_word' id='word_1_74' title='bbox 362 2362 534 2442; x_wconf 86' lang='lat' dir='ltr'><strong>epist.</strong></span> <span class='ocrx_word' id='word_1_75' title='bbox 575 2362 662 2438; x_wconf 94' lang='grc' dir='ltr'><strong>ΙΙ,</strong></span> <span class='ocrx_word' id='word_1_76' title='bbox 707 2359 767 2438; x_wconf 83' lang='lat'><strong>2,</strong></span> <span class='ocrx_word' id='word_1_77' title='bbox 815 2360 895 2422; x_wconf 82' lang='lat'><strong>65</strong></span> 
     </span>
     <span class='ocr_line' id='line_1_19' title="bbox 446 2469 1992 2549; baseline -0.002 -17"><span class='ocrx_word' id='word_1_78' title='bbox 446 2472 699 2532; x_wconf 84' lang='lat' dir='ltr'><strong>Praeter</strong></span> <span class='ocrx_word' id='word_1_79' title='bbox 742 2479 939 2531; x_wconf 88' lang='lat' dir='ltr'><strong>cetera</strong></span> <span class='ocrx_word' id='word_1_80' title='bbox 984 2491 1081 2531; x_wconf 92' lang='lat' dir='ltr'><strong>me</strong></span> <span class='ocrx_word' id='word_1_81' title='bbox 1122 2469 1430 2531; x_wconf 88' lang='lat' dir='ltr'><strong>Romaene</strong></span> <span class='ocrx_word' id='word_1_82' title='bbox 1467 2476 1749 2549; x_wconf 86' lang='lat' dir='ltr'><strong>poemata</strong></span> <span class='ocrx_word' id='word_1_83' title='bbox 1790 2489 1992 2530; x_wconf 86' lang='lat' dir='ltr'><strong>censes</strong></span> 
     </span>
     <span class='ocr_line' id='line_1_20' title="bbox 456 2575 2122 2658; baseline -0.002 -17"><span class='ocrx_word' id='word_1_84' title='bbox 456 2578 726 2641; x_wconf 81' lang='lat' dir='ltr'><strong>Scribere</strong></span> <span class='ocrx_word' id='word_1_85' title='bbox 763 2599 941 2658; x_wconf 90' lang='lat' dir='ltr'><strong>posse</strong></span> <span class='ocrx_word' id='word_1_86' title='bbox 982 2578 1138 2640; x_wconf 88' lang='lat' dir='ltr'><strong>inter</strong></span> <span class='ocrx_word' id='word_1_87' title='bbox 1179 2585 1269 2639; x_wconf 91' lang='lat' dir='ltr'><strong>tot</strong></span> <span class='ocrx_word' id='word_1_88' title='bbox 1310 2597 1482 2639; x_wconf 88' lang='lat' dir='ltr'><strong>curas</strong></span> <span class='ocrx_word' id='word_1_89' title='bbox 1527 2586 1734 2658; x_wconf 92' lang='lat' dir='ltr'><strong>totque</strong></span> <span class='ocrx_word' id='word_1_90' title='bbox 1774 2577 2054 2639; x_wconf 82' lang='lat' dir='ltr'><strong>labores?</strong></span> <span class='ocrx_word' id='word_1_91' title='bbox 2074 2575 2122 2655; x_wconf 81' lang='grc'><strong>1)</strong></span> 
     </span>
    </p>
   </div>
   <div class='ocr_carea' id='block_1_10' title="bbox 364 2802 2673 4588">
    <p class='ocr_par' dir='ltr' id='par_1_10' title="bbox 364 2802 2673 4588">
     <span class='ocr_line' id='line_1_21' title="bbox 571 2802 2659 2873; baseline 0.001 -15"><span class='ocrx_word' id='word_1_92' title='bbox 571 2804 613 2873; x_wconf 87' lang='lat'><strong>¹)</strong></span> <span class='ocrx_word' id='word_1_93' title='bbox 653 2804 820 2873; x_wconf 86' lang='lat' dir='ltr'><strong>Saepe</strong></span> <span class='ocrx_word' id='word_1_94' title='bbox 868 2808 1000 2871; x_wconf 89' lang='lat' dir='ltr'><strong>„ne“</strong></span> <span class='ocrx_word' id='word_1_95' title='bbox 1049 2804 1145 2858; x_wconf 87' lang='lat' dir='ltr'><strong>alii</strong></span> <span class='ocrx_word' id='word_1_96' title='bbox 1183 2802 1340 2858; x_wconf 88' lang='lat' dir='ltr'><strong>verbo</strong></span> <span class='ocrx_word' id='word_1_97' title='bbox 1377 2807 1539 2873; x_wconf 88' lang='lat' dir='ltr'><strong>atque</strong></span> <span class='ocrx_word' id='word_1_98' title='bbox 1589 2805 1637 2858; x_wconf 90' lang='lat' dir='ltr'><strong>ei</strong></span> <span class='ocrx_word' id='word_1_99' title='bbox 1684 2802 1828 2872; x_wconf 89' lang='lat' dir='ltr'><strong>quod</strong></span> <span class='ocrx_word' id='word_1_100' title='bbox 1873 2804 2266 2858; x_wconf 89' lang='lat' dir='ltr'><strong>constructione</strong></span> <span class='ocrx_word' id='word_1_101' title='bbox 2311 2806 2659 2873; x_wconf 85' lang='lat' dir='ltr'><strong>grammatica</strong></span> 
     </span>
     <span class='ocr_line' id='line_1_22' title="bbox 364 2893 2658 2963; baseline -0 -13"><span class='ocrx_word' id='word_1_102' title='bbox 364 2894 594 2961; x_wconf 85' lang='lat' dir='ltr'><strong>effertur,</strong></span> <span class='ocrx_word' id='word_1_103' title='bbox 649 2895 862 2949; x_wconf 85' lang='lat' dir='ltr'><strong>adnecti</strong></span> <span class='ocrx_word' id='word_1_104' title='bbox 910 2893 1051 2963; x_wconf 88' lang='lat' dir='ltr'><strong>apud</strong></span> <span class='ocrx_word' id='word_1_105' title='bbox 1090 2894 1388 2962; x_wconf 81' lang='lat' dir='ltr'><strong>scriptores,</strong></span> <span class='ocrx_word' id='word_1_106' title='bbox 1424 2897 1489 2947; x_wconf 90' lang='lat' dir='ltr'><strong>ut</strong></span> <span class='ocrx_word' id='word_1_107' title='bbox 1523 2910 1585 2948; x_wconf 85' lang='lat' dir='ltr'><strong>ex</strong></span> <span class='ocrx_word' id='word_1_108' title='bbox 1620 2894 1719 2948; x_wconf 89' lang='lat' dir='ltr'><strong>hoc</strong></span> <span class='ocrx_word' id='word_1_109' title='bbox 1755 2894 1988 2962; x_wconf 86' lang='lat' dir='ltr'><strong>exemplo</strong></span> <span class='ocrx_word' id='word_1_110' title='bbox 2022 2894 2389 2963; x_wconf 84' lang='lat' dir='ltr'><strong>similibusque</strong></span> <span class='ocrx_word' id='word_1_111' title='bbox 2424 2899 2658 2963; x_wconf 86' lang='lat' dir='ltr'><strong>apparet,</strong></span> 
     </span>
     <span class='ocr_line' id='line_1_23' title="bbox 364 2971 2667 3052; baseline -0.001 -13"><span class='ocrx_word' id='word_1_112' title='bbox 364 2986 469 3039; x_wconf 85' lang='lat' dir='ltr'><strong>iam</strong></span> <span class='ocrx_word' id='word_1_113' title='bbox 505 2985 571 3039; x_wconf 88' lang='lat' dir='ltr'><strong>ab</strong></span> <span class='ocrx_word' id='word_1_114' title='bbox 621 2984 927 3039; x_wconf 89' lang='lat' dir='ltr'><strong>Heindorfio</strong></span> <span class='ocrx_word' id='word_1_115' title='bbox 970 2985 1025 3037; x_wconf 93' lang='lat' dir='ltr'><strong>in</strong></span> <span class='ocrx_word' id='word_1_116' title='bbox 1061 2983 1239 3037; x_wconf 86' lang='lat' dir='ltr'><strong>adnot.</strong></span> <span class='ocrx_word' id='word_1_117' title='bbox 1275 2983 1341 3038; x_wconf 89' lang='lat' dir='ltr'><strong>ad</strong></span> <span class='ocrx_word' id='word_1_118' title='bbox 1379 2987 1480 3037; x_wconf 89' lang='lat' dir='ltr'><strong>sat.</strong></span> <span class='ocrx_word' id='word_1_119' title='bbox 1530 2984 1573 3049; x_wconf 93' lang='lat' dir='ltr'><strong>I,</strong></span> <span class='ocrx_word' id='word_1_120' title='bbox 1623 2984 1670 3050; x_wconf 87' lang='lat'><strong>6,</strong></span> <span class='ocrx_word' id='word_1_121' title='bbox 1726 2985 1794 3036; x_wconf 89' lang='grc'><strong>43</strong></span> <span class='ocrx_word' id='word_1_122' title='bbox 1848 2971 1968 3050; x_wconf 84' lang='lat' dir='ltr'><strong>„die</strong></span> <span class='ocrx_word' id='word_1_123' title='bbox 2016 2983 2364 3038; x_wconf 90' lang='lat' dir='ltr'><strong>enklitischen</strong></span> <span class='ocrx_word' id='word_1_124' title='bbox 2402 2985 2667 3052; x_wconf 89' lang='lat' dir='ltr'><strong>partikeln</strong></span> 
     </span>
     <span class='ocr_line' id='line_1_24' title="bbox 365 3073 2667 3144; baseline -0 -15"><span class='ocrx_word' id='word_1_125' title='bbox 365 3093 482 3144; x_wconf 89' lang='lat' dir='ltr'><strong>que,</strong></span> <span class='ocrx_word' id='word_1_126' title='bbox 520 3092 602 3141; x_wconf 90' lang='lat' dir='ltr'><strong>ne,</strong></span> <span class='ocrx_word' id='word_1_127' title='bbox 645 3092 708 3129; x_wconf 82' lang='lat' dir='ltr'><strong>ve</strong></span> <span class='ocrx_word' id='word_1_128' title='bbox 742 3074 947 3129; x_wconf 88' lang='lat' dir='ltr'><strong>werden</strong></span> <span class='ocrx_word' id='word_1_129' title='bbox 995 3075 1124 3140; x_wconf 88' lang='lat' dir='ltr'><strong>als0,</strong></span> <span class='ocrx_word' id='word_1_130' title='bbox 1163 3075 1259 3129; x_wconf 88' lang='lat' dir='ltr'><strong>wie</strong></span> <span class='ocrx_word' id='word_1_131' title='bbox 1295 3091 1354 3128; x_wconf 91' lang='lat' dir='ltr'><strong>so</strong></span> <span class='ocrx_word' id='word_1_132' title='bbox 1392 3073 1473 3129; x_wconf 88' lang='lat' dir='ltr'><strong>oft</strong></span> <span class='ocrx_word' id='word_1_133' title='bbox 1506 3075 1563 3128; x_wconf 90' lang='lat' dir='ltr'><strong>in</strong></span> <span class='ocrx_word' id='word_1_134' title='bbox 1600 3074 1692 3128; x_wconf 89' lang='lat' dir='ltr'><strong>der</strong></span> <span class='ocrx_word' id='word_1_135' title='bbox 1725 3075 1918 3144; x_wconf 90' lang='lat' dir='ltr'><strong>griech.</strong></span> <span class='ocrx_word' id='word_1_136' title='bbox 1953 3074 2131 3144; x_wconf 86' lang='lat' dir='ltr'><strong>poesie</strong></span> <span class='ocrx_word' id='word_1_137' title='bbox 2154 3074 2262 3128; x_wconf 91' lang='lat' dir='ltr'><strong>und</strong></span> <span class='ocrx_word' id='word_1_138' title='bbox 2286 3073 2454 3128; x_wconf 88' lang='lat' dir='ltr'><strong>selbst</strong></span> <span class='ocrx_word' id='word_1_139' title='bbox 2480 3075 2537 3129; x_wconf 91' lang='lat' dir='ltr'><strong>in</strong></span> <span class='ocrx_word' id='word_1_140' title='bbox 2576 3074 2667 3129; x_wconf 92' lang='lat' dir='ltr'><strong>der</strong></span> 
     </span>
     <span class='ocr_line' id='line_1_25' title="bbox 364 3164 2667 3234; baseline -0.001 -15"><span class='ocrx_word' id='word_1_141' title='bbox 364 3182 521 3234; x_wconf 88' lang='lat' dir='ltr'><strong>prosa</strong></span> <span class='ocrx_word' id='word_1_142' title='bbox 579 3183 652 3231; x_wconf 82' lang='grc' dir='ltr'><strong>τε,</strong></span> <span class='ocrx_word' id='word_1_143' title='bbox 689 3165 773 3219; x_wconf 87' lang='lat' dir='ltr'><strong>bei</strong></span> <span class='ocrx_word' id='word_1_144' title='bbox 821 3165 1063 3220; x_wconf 92' lang='lat' dir='ltr'><strong>dichtern</strong></span> <span class='ocrx_word' id='word_1_145' title='bbox 1118 3166 1465 3234; x_wconf 87' lang='lat' dir='ltr'><strong>umgestellt“</strong></span> <span class='ocrx_word' id='word_1_146' title='bbox 1513 3168 1571 3220; x_wconf 89' lang='lat' dir='ltr'><strong>et</strong></span> <span class='ocrx_word' id='word_1_147' title='bbox 1604 3181 1638 3219; x_wconf 86' lang='lat' dir='ltr'><strong>a</strong></span> <span class='ocrx_word' id='word_1_148' title='bbox 1672 3166 1939 3234; x_wconf 89' lang='lat' dir='ltr'><strong>Kruegero</strong></span> <span class='ocrx_word' id='word_1_149' title='bbox 1985 3164 2006 3218; x_wconf 95' lang='lat' dir='ltr'><strong>l</strong></span> <span class='ocrx_word' id='word_1_150' title='bbox 2062 3181 2104 3219; x_wconf 90' lang='lat' dir='ltr'><strong>c.</strong></span> <span class='ocrx_word' id='word_1_151' title='bbox 2140 3181 2190 3233; x_wconf 90' lang='lat' dir='ltr'><strong>p.</strong></span> <span class='ocrx_word' id='word_1_152' title='bbox 2228 3165 2326 3218; x_wconf 88' lang='lat'><strong>716</strong></span> <span class='ocrx_word' id='word_1_153' title='bbox 2360 3166 2472 3218; x_wconf 91' lang='lat' dir='ltr'><strong>not.</strong></span> <span class='ocrx_word' id='word_1_154' title='bbox 2512 3165 2545 3217; x_wconf 86' lang='lat'>2</span> <span class='ocrx_word' id='word_1_155' title='bbox 2581 3181 2667 3220; x_wconf 86' lang='lat' dir='ltr'><strong>ex-</strong></span> 
     </span>
     <span class='ocr_line' id='line_1_26' title="bbox 365 3253 2666 3325; baseline 0 -16"><span class='ocrx_word' id='word_1_156' title='bbox 365 3256 601 3323; x_wconf 91' lang='lat' dir='ltr'><strong>positum</strong></span> <span class='ocrx_word' id='word_1_157' title='bbox 666 3256 1020 3325; x_wconf 87' lang='lat' dir='ltr'><strong>exemplisque</strong></span> <span class='ocrx_word' id='word_1_158' title='bbox 1081 3253 1365 3323; x_wconf 88' lang='lat' dir='ltr'><strong>probatum</strong></span> <span class='ocrx_word' id='word_1_159' title='bbox 1423 3257 1526 3311; x_wconf 90' lang='lat' dir='ltr'><strong>est.</strong></span> <span class='ocrx_word' id='word_1_160' title='bbox 1614 3255 1759 3320; x_wconf 78' lang='lat' dir='ltr'><strong>Quae</strong></span> <span class='ocrx_word' id='word_1_161' title='bbox 1819 3256 2149 3311; x_wconf 82' lang='lat' dir='ltr'><strong>constructio</strong></span> <span class='ocrx_word' id='word_1_162' title='bbox 2201 3271 2234 3310; x_wconf 83' lang='lat' dir='ltr'><strong>a</strong></span> <span class='ocrx_word' id='word_1_163' title='bbox 2287 3254 2666 3309; x_wconf 85' lang='lat' dir='ltr'><strong>recentioribus</strong></span> 
     </span>
     <span class='ocr_line' id='line_1_27' title="bbox 365 3339 2663 3415; baseline 0 -15"><span class='ocrx_word' id='word_1_164' title='bbox 365 3346 726 3415; x_wconf 86' lang='lat' dir='ltr'><strong>grammaticis</strong></span> <span class='ocrx_word' id='word_1_165' title='bbox 758 3346 931 3415; x_wconf 86' lang='lat' dir='ltr'><strong>figura</strong></span> <span class='ocrx_word' id='word_1_166' title='bbox 977 3339 1090 3398; x_wconf 79' lang='grc' dir='ltr'><strong>α’πό</strong></span> <span class='ocrx_word' id='word_1_167' title='bbox 1126 3347 1321 3397; x_wconf 76' lang='grc' dir='ltr'><strong><em>κοινοῦ</em></strong></span> <span class='ocrx_word' id='word_1_168' title='bbox 1359 3346 1632 3414; x_wconf 82' lang='lat' dir='ltr'><strong>appellata</strong></span> <span class='ocrx_word' id='word_1_169' title='bbox 1684 3349 1768 3401; x_wconf 82' lang='lat' dir='ltr'><strong>est</strong></span> <span class='ocrx_word' id='word_1_170' title='bbox 1813 3346 1900 3414; x_wconf 76' lang='lat' dir='ltr'><strong>(ci.</strong></span> <span class='ocrx_word' id='word_1_171' title='bbox 1950 3344 2291 3411; x_wconf 85' lang='lat' dir='ltr'><strong>Gossrauum,</strong></span> <span class='ocrx_word' id='word_1_172' title='bbox 2350 3345 2445 3400; x_wconf 88' lang='lat' dir='ltr'><strong>lat.</strong></span> <span class='ocrx_word' id='word_1_173' title='bbox 2500 3361 2663 3414; x_wconf 83' lang='lat' dir='ltr'><strong>gram.</strong></span> 
     </span>
     <span class='ocr_line' id='line_1_28' title="bbox 366 3435 2664 3507; baseline 0.001 -19"><span class='ocrx_word' id='word_1_174' title='bbox 366 3438 397 3504; x_wconf 70' lang='grc'>5</span> <span class='ocrx_word' id='word_1_175' title='bbox 431 3436 547 3501; x_wconf 85' lang='grc'>480,</span> <span class='ocrx_word' id='word_1_176' title='bbox 588 3437 632 3502; x_wconf 95' lang='grc'><strong>1,</strong></span> <span class='ocrx_word' id='word_1_177' title='bbox 667 3436 740 3504; x_wconf 90' lang='lat' dir='ltr'><strong>b).</strong></span> <span class='ocrx_word' id='word_1_178' title='bbox 815 3435 1020 3491; x_wconf 85' lang='lat' dir='ltr'><strong>Deinde</strong></span> <span class='ocrx_word' id='word_1_179' title='bbox 1055 3438 1235 3490; x_wconf 86' lang='lat' dir='ltr'><strong>autem</strong></span> <span class='ocrx_word' id='word_1_180' title='bbox 1274 3437 1557 3504; x_wconf 83' lang='lat' dir='ltr'><strong>scriptores</strong></span> <span class='ocrx_word' id='word_1_181' title='bbox 1609 3436 1678 3491; x_wconf 85' lang='lat' dir='ltr'><strong>ad</strong></span> <span class='ocrx_word' id='word_1_182' title='bbox 1726 3452 1840 3492; x_wconf 89' lang='lat' dir='ltr'><strong>eam</strong></span> <span class='ocrx_word' id='word_1_183' title='bbox 1894 3437 2166 3493; x_wconf 80' lang='lat' dir='ltr'><strong>licentiam</strong></span> <span class='ocrx_word' id='word_1_184' title='bbox 2211 3436 2474 3507; x_wconf 87' lang='lat' dir='ltr'><strong>progressi</strong></span> <span class='ocrx_word' id='word_1_185' title='bbox 2523 3439 2664 3501; x_wconf 88' lang='lat' dir='ltr'><strong>sunt,</strong></span> 
     </span>
     <span class='ocr_line' id='line_1_29' title="bbox 365 3525 2669 3597; baseline 0.001 -18"><span class='ocrx_word' id='word_1_186' title='bbox 365 3530 442 3592; x_wconf 91' lang='lat' dir='ltr'><strong>ut,</strong></span> <span class='ocrx_word' id='word_1_187' title='bbox 477 3526 735 3595; x_wconf 84' lang='lat' dir='ltr'><strong>siquando</strong></span> <span class='ocrx_word' id='word_1_188' title='bbox 777 3542 838 3580; x_wconf 84' lang='lat' dir='ltr'><strong>ex</strong></span> <span class='ocrx_word' id='word_1_189' title='bbox 876 3525 1054 3593; x_wconf 86' lang='lat' dir='ltr'><strong>verbo,</strong></span> <span class='ocrx_word' id='word_1_190' title='bbox 1091 3543 1195 3594; x_wconf 92' lang='lat' dir='ltr'><strong>quo</strong></span> <span class='ocrx_word' id='word_1_191' title='bbox 1231 3526 1608 3594; x_wconf 87' lang='lat' dir='ltr'><strong>exprimeretur</strong></span> <span class='ocrx_word' id='word_1_192' title='bbox 1644 3527 2009 3597; x_wconf 88' lang='lat' dir='ltr'><strong>interrogatio,</strong></span> <span class='ocrx_word' id='word_1_193' title='bbox 2048 3527 2299 3596; x_wconf 84' lang='lat' dir='ltr'><strong>penderet</strong></span> <span class='ocrx_word' id='word_1_194' title='bbox 2334 3528 2669 3582; x_wconf 84' lang='lat' dir='ltr'><strong>accusativus</strong></span> 
     </span>
     <span class='ocr_line' id='line_1_30' title="bbox 367 3616 2672 3686; baseline 0 -17"><span class='ocrx_word' id='word_1_195' title='bbox 367 3632 486 3670; x_wconf 89' lang='lat' dir='ltr'><strong>cum</strong></span> <span class='ocrx_word' id='word_1_196' title='bbox 523 3616 802 3683; x_wconf 84' lang='lat' dir='ltr'><strong>infinitivo,</strong></span> <span class='ocrx_word' id='word_1_197' title='bbox 837 3616 1154 3685; x_wconf 86' lang='lat' dir='ltr'><strong>particulam</strong></span> <span class='ocrx_word' id='word_1_198' title='bbox 1203 3621 1335 3682; x_wconf 88' lang='lat' dir='ltr'><strong>„ne“</strong></span> <span class='ocrx_word' id='word_1_199' title='bbox 1370 3633 1473 3671; x_wconf 91' lang='lat' dir='ltr'><strong>non</strong></span> <span class='ocrx_word' id='word_1_200' title='bbox 1508 3616 1847 3672; x_wconf 85' lang='lat' dir='ltr'><strong>adnecterent</strong></span> <span class='ocrx_word' id='word_1_201' title='bbox 1895 3617 1980 3670; x_wconf 93' lang='lat' dir='ltr'><strong>illi</strong></span> <span class='ocrx_word' id='word_1_202' title='bbox 2015 3618 2120 3686; x_wconf 88' lang='lat' dir='ltr'><strong>ipsi</strong></span> <span class='ocrx_word' id='word_1_203' title='bbox 2154 3617 2328 3684; x_wconf 86' lang='lat' dir='ltr'><strong>verbo,</strong></span> <span class='ocrx_word' id='word_1_204' title='bbox 2364 3617 2457 3672; x_wconf 88' lang='lat' dir='ltr'><strong>sed</strong></span> <span class='ocrx_word' id='word_1_205' title='bbox 2489 3617 2672 3685; x_wconf 88' lang='lat' dir='ltr'><strong>potius</strong></span> 
     </span>
     <span class='ocr_line' id='line_1_31' title="bbox 369 3706 2665 3777; baseline 0.001 -18"><span class='ocrx_word' id='word_1_206' title='bbox 369 3707 664 3761; x_wconf 88' lang='lat' dir='ltr'><strong>insererent</strong></span> <span class='ocrx_word' id='word_1_207' title='bbox 697 3708 976 3762; x_wconf 83' lang='lat' dir='ltr'><strong>enuntiato</strong></span> <span class='ocrx_word' id='word_1_208' title='bbox 1013 3706 1135 3761; x_wconf 88' lang='lat' dir='ltr'><strong>inde</strong></span> <span class='ocrx_word' id='word_1_209' title='bbox 1168 3706 1421 3775; x_wconf 81' lang='lat' dir='ltr'><strong>pendenti</strong></span> <span class='ocrx_word' id='word_1_210' title='bbox 1455 3708 1605 3762; x_wconf 88' lang='lat' dir='ltr'><strong>velut</strong></span> <span class='ocrx_word' id='word_1_211' title='bbox 1637 3708 1694 3761; x_wconf 91' lang='lat' dir='ltr'><strong>in</strong></span> <span class='ocrx_word' id='word_1_212' title='bbox 1731 3723 1791 3762; x_wconf 91' lang='lat' dir='ltr'><strong>eo</strong></span> <span class='ocrx_word' id='word_1_213' title='bbox 1812 3708 2064 3776; x_wconf 84' lang='lat' dir='ltr'><strong>exemplo,</strong></span> <span class='ocrx_word' id='word_1_214' title='bbox 2100 3707 2242 3777; x_wconf 89' lang='lat' dir='ltr'><strong>quod</strong></span> <span class='ocrx_word' id='word_1_215' title='bbox 2266 3708 2422 3762; x_wconf 89' lang='lat' dir='ltr'><strong>modo</strong></span> <span class='ocrx_word' id='word_1_216' title='bbox 2447 3708 2665 3777; x_wconf 91' lang='lat' dir='ltr'><strong>protuli,</strong></span> 
     </span>
     <span class='ocr_line' id='line_1_32' title="bbox 367 3796 2668 3867; baseline 0.001 -18"><span class='ocrx_word' id='word_1_217' title='bbox 367 3797 461 3850; x_wconf 88' lang='lat' dir='ltr'><strong>ubi</strong></span> <span class='ocrx_word' id='word_1_218' title='bbox 497 3813 617 3863; x_wconf 89' lang='lat' dir='ltr'><strong>„me</strong></span> <span class='ocrx_word' id='word_1_219' title='bbox 664 3797 933 3852; x_wconf 85' lang='lat' dir='ltr'><strong>Romaene</strong></span> <span class='ocrx_word' id='word_1_220' title='bbox 970 3801 1217 3866; x_wconf 84' lang='lat' dir='ltr'><strong>poemata</strong></span> <span class='ocrx_word' id='word_1_221' title='bbox 1253 3796 1476 3853; x_wconf 89' lang='lat' dir='ltr'><strong>scribere</strong></span> <span class='ocrx_word' id='word_1_222' title='bbox 1521 3814 1677 3866; x_wconf 88' lang='lat' dir='ltr'><strong>posse</strong></span> <span class='ocrx_word' id='word_1_223' title='bbox 1713 3813 1892 3854; x_wconf 89' lang='lat' dir='ltr'><strong>censes</strong></span> <span class='ocrx_word' id='word_1_224' title='bbox 1905 3797 1967 3851; x_wconf 69' lang='lat'>‘1³⁴‘</span> <span class='ocrx_word' id='word_1_225' title='bbox 2005 3801 2194 3852; x_wconf 68' lang='lat' dir='ltr'><strong>,exstat</strong></span> <span class='ocrx_word' id='word_1_226' title='bbox 2238 3814 2332 3867; x_wconf 93' lang='lat' dir='ltr'><strong>pro</strong></span> <span class='ocrx_word' id='word_1_227' title='bbox 2387 3814 2668 3864; x_wconf 88' lang='lat' dir='ltr'><strong>„censesne</strong></span> 
     </span>
     <span class='ocr_line' id='line_1_33' title="bbox 369 3886 2673 3956; baseline 0 -17"><span class='ocrx_word' id='word_1_228' title='bbox 369 3901 452 3939; x_wconf 88' lang='lat' dir='ltr'><strong>me</strong></span> <span class='ocrx_word' id='word_1_229' title='bbox 482 3886 679 3940; x_wconf 86' lang='lat' dir='ltr'><strong>Romae</strong></span> <span class='ocrx_word' id='word_1_230' title='bbox 718 3889 841 3942; x_wconf 89' lang='lat' dir='ltr'><strong>etc“</strong></span> <span class='ocrx_word' id='word_1_231' title='bbox 875 3887 941 3942; x_wconf 88' lang='lat' dir='ltr'><strong>cf.</strong></span> <span class='ocrx_word' id='word_1_232' title='bbox 977 3887 1165 3952; x_wconf 70' lang='lat' dir='ltr'><strong>Hand„</strong></span> <span class='ocrx_word' id='word_1_233' title='bbox 1203 3888 1238 3941; x_wconf 91' lang='lat' dir='ltr'><strong>l.</strong></span> <span class='ocrx_word' id='word_1_234' title='bbox 1277 3904 1322 3943; x_wconf 93' lang='lat' dir='ltr'><strong>c.</strong></span> <span class='ocrx_word' id='word_1_235' title='bbox 1360 3888 1451 3953; x_wconf 89' lang='lat' dir='ltr'><strong>IV,</strong></span> <span class='ocrx_word' id='word_1_236' title='bbox 1491 3904 1543 3956; x_wconf 91' lang='lat' dir='ltr'><strong>p.</strong></span> <span class='ocrx_word' id='word_1_237' title='bbox 1582 3889 1663 3942; x_wconf 86' lang='lat'><strong>75.</strong></span> <span class='ocrx_word' id='word_1_238' title='bbox 1734 3887 2006 3955; x_wconf 82' lang='lat' dir='ltr'><strong>Exempla,</strong></span> <span class='ocrx_word' id='word_1_239' title='bbox 2039 3903 2173 3956; x_wconf 85' lang='lat' dir='ltr'><strong>quae</strong></span> <span class='ocrx_word' id='word_1_240' title='bbox 2214 3887 2357 3956; x_wconf 86' lang='lat' dir='ltr'><strong>apud</strong></span> <span class='ocrx_word' id='word_1_241' title='bbox 2391 3888 2673 3942; x_wconf 84' lang='lat' dir='ltr'><strong>Horatium</strong></span> 
     </span>
     <span class='ocr_line' id='line_1_34' title="bbox 368 3975 2668 4047; baseline 0.001 -19"><span class='ocrx_word' id='word_1_242' title='bbox 368 3975 735 4042; x_wconf 86' lang='lat' dir='ltr'><strong>inveniuntur,</strong></span> <span class='ocrx_word' id='word_1_243' title='bbox 778 3978 906 4029; x_wconf 90' lang='lat' dir='ltr'><strong>sunt</strong></span> <span class='ocrx_word' id='word_1_244' title='bbox 941 3976 1095 4032; x_wconf 85' lang='lat' dir='ltr'><strong>haec:</strong></span> <span class='ocrx_word' id='word_1_245' title='bbox 1125 3976 1275 4047; x_wconf 90' lang='lat' dir='ltr'><strong>epod.</strong></span> <span class='ocrx_word' id='word_1_246' title='bbox 1319 3978 1398 4042; x_wconf 92' lang='grc'><strong>11,</strong></span> <span class='ocrx_word' id='word_1_247' title='bbox 1440 3978 1530 4044; x_wconf 90' lang='grc'>11;</span> <span class='ocrx_word' id='word_1_248' title='bbox 1568 3979 1669 4031; x_wconf 80' lang='lat' dir='ltr'><strong>sat.</strong></span> <span class='ocrx_word' id='word_1_249' title='bbox 1700 3977 1743 4042; x_wconf 97' lang='grc' dir='ltr'><strong>Ι,</strong></span> <span class='ocrx_word' id='word_1_250' title='bbox 1778 3978 1828 4041; x_wconf 87' lang='lat'><strong>5,</strong></span> <span class='ocrx_word' id='word_1_251' title='bbox 1865 3977 1959 4040; x_wconf 77' lang='lat'><strong>653</strong></span> <span class='ocrx_word' id='word_1_252' title='bbox 2017 3981 2119 4033; x_wconf 87' lang='lat' dir='ltr'><strong>sat.</strong></span> <span class='ocrx_word' id='word_1_253' title='bbox 2173 3977 2218 4043; x_wconf 89' lang='grc' dir='ltr'><strong>Ι,</strong></span> <span class='ocrx_word' id='word_1_254' title='bbox 2259 3979 2338 4043; x_wconf 90' lang='grc'><strong>10,</strong></span> <span class='ocrx_word' id='word_1_255' title='bbox 2384 3978 2478 4042; x_wconf 82' lang='grc'><strong>21;</strong></span> <span class='ocrx_word' id='word_1_256' title='bbox 2514 3978 2668 4045; x_wconf 89' lang='lat' dir='ltr'><strong>epist.</strong></span> 
     </span>
     <span class='ocr_line' id='line_1_35' title="bbox 369 4064 2667 4137; baseline 0.002 -19"><span class='ocrx_word' id='word_1_257' title='bbox 369 4064 442 4132; x_wconf 92' lang='grc' dir='ltr'><strong>ΙΙ,</strong></span> <span class='ocrx_word' id='word_1_258' title='bbox 478 4065 527 4129; x_wconf 92' lang='grc'><strong>2,</strong></span> <span class='ocrx_word' id='word_1_259' title='bbox 579 4065 691 4118; x_wconf 90' lang='grc'>148.</span> <span class='ocrx_word' id='word_1_260' title='bbox 775 4066 890 4129; x_wconf 82' lang='lat' dir='ltr'><strong>Quo</strong></span> <span class='ocrx_word' id='word_1_261' title='bbox 952 4066 1107 4120; x_wconf 90' lang='lat' dir='ltr'><strong>modo</strong></span> <span class='ocrx_word' id='word_1_262' title='bbox 1162 4068 1447 4121; x_wconf 86' lang='lat' dir='ltr'><strong>transitum</strong></span> <span class='ocrx_word' id='word_1_263' title='bbox 1501 4066 1617 4120; x_wconf 89' lang='lat' dir='ltr'><strong>fieri</strong></span> <span class='ocrx_word' id='word_1_264' title='bbox 1673 4067 1901 4122; x_wconf 89' lang='lat' dir='ltr'><strong>arbitror</strong></span> <span class='ocrx_word' id='word_1_265' title='bbox 1951 4066 2020 4121; x_wconf 86' lang='lat' dir='ltr'><strong>ad</strong></span> <span class='ocrx_word' id='word_1_266' title='bbox 2072 4083 2160 4122; x_wconf 90' lang='lat' dir='ltr'><strong>eas</strong></span> <span class='ocrx_word' id='word_1_267' title='bbox 2212 4068 2667 4137; x_wconf 88' lang='lat' dir='ltr'><strong>interrogationes,</strong></span> 
     </span>
     <span class='ocr_line' id='line_1_36' title="bbox 379 4155 2669 4226; baseline 0.002 -19"><span class='ocrx_word' id='word_1_268' title='bbox 379 4156 572 4226; x_wconf 84' lang='lat' dir='ltr'><strong>quibus</strong></span> <span class='ocrx_word' id='word_1_269' title='bbox 625 4155 921 4224; x_wconf 83' lang='lat' dir='ltr'><strong>indignatio</strong></span> <span class='ocrx_word' id='word_1_270' title='bbox 980 4157 1121 4210; x_wconf 92' lang='lat' dir='ltr'><strong>inest</strong></span> <span class='ocrx_word' id='word_1_271' title='bbox 1169 4160 1224 4211; x_wconf 91' lang='lat' dir='ltr'><strong>et</strong></span> <span class='ocrx_word' id='word_1_272' title='bbox 1270 4172 1404 4225; x_wconf 89' lang='lat' dir='ltr'><strong>quae</strong></span> <span class='ocrx_word' id='word_1_273' title='bbox 1450 4172 1482 4210; x_wconf 89' lang='lat' dir='ltr'><strong>a</strong></span> <span class='ocrx_word' id='word_1_274' title='bbox 1528 4162 1662 4222; x_wconf 89' lang='lat' dir='ltr'><strong>,‚ne·‘</strong></span> <span class='ocrx_word' id='word_1_275' title='bbox 1708 4159 2022 4226; x_wconf 88' lang='lat' dir='ltr'><strong>incipientes</strong></span> <span class='ocrx_word' id='word_1_276' title='bbox 2066 4159 2509 4213; x_wconf 86' lang='lat' dir='ltr'><strong>constructionem</strong></span> <span class='ocrx_word' id='word_1_277' title='bbox 2559 4159 2669 4212; x_wconf 86' lang='lat' dir='ltr'><strong>sive</strong></span> 
     </span>
     <span class='ocr_line' id='line_1_37' title="bbox 371 4246 2669 4315; baseline 0.001 -14"><span class='ocrx_word' id='word_1_278' title='bbox 371 4263 479 4301; x_wconf 86' lang='lat' dir='ltr'><strong>acc.</strong></span> <span class='ocrx_word' id='word_1_279' title='bbox 533 4263 577 4300; x_wconf 88' lang='lat' dir='ltr'><strong>c.</strong></span> <span class='ocrx_word' id='word_1_280' title='bbox 635 4247 729 4301; x_wconf 87' lang='lat' dir='ltr'><strong>inf.</strong></span> <span class='ocrx_word' id='word_1_281' title='bbox 787 4246 898 4300; x_wconf 84' lang='lat' dir='ltr'><strong>sive</strong></span> <span class='ocrx_word' id='word_1_282' title='bbox 936 4247 1257 4301; x_wconf 85' lang='lat' dir='ltr'><strong>coniunctivi</strong></span> <span class='ocrx_word' id='word_1_283' title='bbox 1312 4247 1399 4301; x_wconf 84' lang='lat' dir='ltr'><strong>vel</strong></span> <span class='ocrx_word' id='word_1_284' title='bbox 1444 4248 1576 4301; x_wconf 87' lang='lat' dir='ltr'><strong>nudi</strong></span> <span class='ocrx_word' id='word_1_285' title='bbox 1632 4249 1718 4302; x_wconf 85' lang='lat' dir='ltr'><strong>vel</strong></span> <span class='ocrx_word' id='word_1_286' title='bbox 1768 4265 1886 4303; x_wconf 89' lang='lat' dir='ltr'><strong>cum</strong></span> <span class='ocrx_word' id='word_1_287' title='bbox 1922 4251 2055 4315; x_wconf 89' lang='lat' dir='ltr'><strong>,‚ut“</strong></span> <span class='ocrx_word' id='word_1_288' title='bbox 2101 4250 2371 4303; x_wconf 90' lang='lat' dir='ltr'><strong>coniuncti</strong></span> <span class='ocrx_word' id='word_1_289' title='bbox 2428 4248 2669 4303; x_wconf 88' lang='lat' dir='ltr'><strong>induant.</strong></span> 
     </span>
     <span class='ocr_line' id='line_1_38' title="bbox 371 4328 2672 4409; baseline 0.001 -18"><span class='ocrx_word' id='word_1_290' title='bbox 371 4340 548 4406; x_wconf 86' lang='lat' dir='ltr'><strong>Atque</strong></span> <span class='ocrx_word' id='word_1_291' title='bbox 589 4338 749 4391; x_wconf 85' lang='lat' dir='ltr'><strong>etiam</strong></span> <span class='ocrx_word' id='word_1_292' title='bbox 783 4338 840 4389; x_wconf 93' lang='lat' dir='ltr'><strong>in</strong></span> <span class='ocrx_word' id='word_1_293' title='bbox 883 4336 1223 4392; x_wconf 85' lang='lat' dir='ltr'><strong>disiunctivis</strong></span> <span class='ocrx_word' id='word_1_294' title='bbox 1259 4339 1551 4393; x_wconf 82' lang='lat' dir='ltr'><strong>enuntiatis</strong></span> <span class='ocrx_word' id='word_1_295' title='bbox 1591 4344 1723 4405; x_wconf 89' lang='lat' dir='ltr'><strong>„ne“</strong></span> <span class='ocrx_word' id='word_1_296' title='bbox 1759 4340 1837 4394; x_wconf 91' lang='lat' dir='ltr'><strong>eis</strong></span> <span class='ocrx_word' id='word_1_297' title='bbox 1870 4339 2073 4405; x_wconf 82' lang='lat' dir='ltr'><strong>verbis,</strong></span> <span class='ocrx_word' id='word_1_298' title='bbox 2109 4356 2243 4407; x_wconf 88' lang='lat' dir='ltr'><strong>quae</strong></span> <span class='ocrx_word' id='word_1_299' title='bbox 2294 4328 2672 4409; x_wconf 76' lang='lat' dir='ltr'><strong>disjunguntur</strong></span> 
     </span>
     <span class='ocr_line' id='line_1_39' title="bbox 375 4428 2668 4499; baseline 0.002 -19"><span class='ocrx_word' id='word_1_300' title='bbox 375 4431 431 4482; x_wconf 87' lang='lat' dir='ltr'><strong>et</strong></span> <span class='ocrx_word' id='word_1_301' title='bbox 467 4428 533 4481; x_wconf 90' lang='lat' dir='ltr'><strong>ob</strong></span> <span class='ocrx_word' id='word_1_302' title='bbox 571 4443 687 4482; x_wconf 84' lang='lat' dir='ltr'><strong>eam</strong></span> <span class='ocrx_word' id='word_1_303' title='bbox 721 4444 827 4481; x_wconf 88' lang='lat' dir='ltr'><strong>rem</strong></span> <span class='ocrx_word' id='word_1_304' title='bbox 869 4435 1207 4496; x_wconf 89' lang='lat' dir='ltr'><strong>opponuntur</strong></span> <span class='ocrx_word' id='word_1_305' title='bbox 1242 4429 1382 4483; x_wconf 88' lang='lat' dir='ltr'><strong>inter</strong></span> <span class='ocrx_word' id='word_1_306' title='bbox 1424 4445 1497 4495; x_wconf 88' lang='lat' dir='ltr'><strong>se,</strong></span> <span class='ocrx_word' id='word_1_307' title='bbox 1532 4445 1637 4483; x_wconf 91' lang='lat' dir='ltr'><strong>non</strong></span> <span class='ocrx_word' id='word_1_308' title='bbox 1678 4429 1943 4499; x_wconf 81' lang='lat' dir='ltr'><strong>affigitur:</strong></span> <span class='ocrx_word' id='word_1_309' title='bbox 1994 4434 2097 4486; x_wconf 85' lang='lat' dir='ltr'><strong>sat.</strong></span> <span class='ocrx_word' id='word_1_310' title='bbox 2144 4431 2187 4496; x_wconf 89' lang='grc' dir='ltr'><strong>Ι,</strong></span> <span class='ocrx_word' id='word_1_311' title='bbox 2240 4430 2290 4496; x_wconf 90' lang='grc'><strong>2,</strong></span> <span class='ocrx_word' id='word_1_312' title='bbox 2346 4431 2440 4495; x_wconf 82' lang='grc'><strong>63;</strong></span> <span class='ocrx_word' id='word_1_313' title='bbox 2485 4435 2587 4486; x_wconf 84' lang='lat' dir='ltr'><strong>sat.</strong></span> <span class='ocrx_word' id='word_1_314' title='bbox 2624 4431 2668 4497; x_wconf 89' lang='grc' dir='ltr'><strong>Ι,</strong></span> 
     </span>
     <span class='ocr_line' id='line_1_40' title="bbox 372 4517 2019 4588; baseline 0.003 -19"><span class='ocrx_word' id='word_1_315' title='bbox 372 4517 419 4583; x_wconf 87' lang='grc'><strong>8,</strong></span> <span class='ocrx_word' id='word_1_316' title='bbox 456 4518 489 4569; x_wconf 84' lang='lat'>2</span> <span class='ocrx_word' id='word_1_317' title='bbox 501 4539 515 4582; x_wconf 93' lang='lat'>;</span> <span class='ocrx_word' id='word_1_318' title='bbox 555 4520 656 4572; x_wconf 86' lang='lat' dir='ltr'><strong>sat.</strong></span> <span class='ocrx_word' id='word_1_319' title='bbox 694 4517 763 4582; x_wconf 93' lang='grc' dir='ltr'><strong>ΙΙ,</strong></span> <span class='ocrx_word' id='word_1_320' title='bbox 799 4518 847 4582; x_wconf 85' lang='grc'><strong>3,</strong></span> <span class='ocrx_word' id='word_1_321' title='bbox 886 4518 1011 4582; x_wconf 72' lang='grc'>246,</span> <span class='ocrx_word' id='word_1_322' title='bbox 1048 4520 1206 4586; x_wconf 86' lang='lat' dir='ltr'><strong>epist.</strong></span> <span class='ocrx_word' id='word_1_323' title='bbox 1244 4519 1287 4584; x_wconf 94' lang='grc' dir='ltr'><strong>Ι,</strong></span> <span class='ocrx_word' id='word_1_324' title='bbox 1322 4519 1372 4583; x_wconf 85' lang='grc'><strong>3,</strong></span> <span class='ocrx_word' id='word_1_325' title='bbox 1416 4520 1510 4582; x_wconf 68' lang='grc'><strong>12,</strong></span> <span class='ocrx_word' id='word_1_326' title='bbox 1547 4521 1704 4588; x_wconf 87' lang='lat' dir='ltr'><strong>epist.</strong></span> <span class='ocrx_word' id='word_1_327' title='bbox 1741 4520 1784 4586; x_wconf 92' lang='lat' dir='ltr'><strong>I,</strong></span> <span class='ocrx_word' id='word_1_328' title='bbox 1824 4522 1903 4585; x_wconf 90' lang='grc'><strong>15,</strong></span> <span class='ocrx_word' id='word_1_329' title='bbox 1942 4522 2019 4575; x_wconf 88' lang='grc'>15.</span> 
     </span>
    </p>
   </div>
  </div>
 </body>
</html>
