3125 4900
1346 421 1431 432 ...
1517 388 1602 450 58
1687 423 1772 433 .-

403 552 497 615 0d.
543 554 597 630 1,
641 553 746 631 28,
789 554 875 617 30
1589 518 1596 523 ⁴

489 661 778 742 Neglegis
818 664 1110 727 inmeritis
1154 667 1489 729 nocituram

490 769 817 833 Postmodo
861 780 922 833 te
961 772 1123 835 natis
1167 774 1443 837 fraudem
1487 777 1897 839 committere?

408 899 504 960 od.
548 900 672 977 ΙΙΙ,
719 899 803 961 24
845 900 930 962 42

497 1008 792 1089 Magnum
834 1012 1150 1092 pauperies
1197 1011 1583 1093 opprobrium
1619 1013 1800 1094 jubet

821 1118 1083 1196 Quidvis
1126 1129 1187 1181 et
1225 1120 1426 1183 facere
1467 1130 1528 1182 et
1569 1122 1719 1202 pati,

497 1224 880 1306 Virtutisque
923 1227 1086 1289 viam
1129 1228 1348 1290 deserit
1391 1230 1617 1290 arduae
1675 1232 1700 1291 ’.Ρ

412 1362 525 1416 sat.
564 1356 616 1432 Ι,
660 1354 719 1432 6,
762 1355 844 1417 41

1850 1467 1991 1527 Hoc
2035 1466 2147 1530 tibi
2190 1467 2420 1528 Paulus

501 1568 587 1629 Et
629 1567 925 1630 Messalla
978 1569 1241 1633 videris?

415 1706 525 1758 sat
569 1698 658 1773 II,
702 1697 761 1773 3,
810 1697 931 1759 132

509 1805 662 1867 Cum
703 1805 922 1887 laqueo
967 1828 1217 1869 uxorem
1258 1808 1549 1871 interimis
1592 1819 1964 1891 matremque
2007 1831 2257 1887 venen0,

501 1911 801 1973 Incolumi
846 1914 1046 1994 capite
1087 1917 1195 1977 es?

419 2050 531 2104 sat.
570 2042 658 2119 Π,
700 2040 761 2119 3,
806 2040 930 2104 201

509 2150 604 2211 Tu
650 2171 785 2212 cum
828 2171 938 2231 pro
976 2150 1175 2214 vitula
1219 2152 1440 2215 statuis
1482 2154 1720 2217 dulcem
1766 2154 1994 2217 Aulide
2036 2163 2243 2217 natam

506 2258 679 2322 Ante
720 2280 860 2321 aras
892 2306 1339 2324 ..........

506 2369 763 2430 Rectum
816 2368 1002 2430 animi
1046 2372 1299 2432 servas?

424 2507 536 2561 sat.
582 2500 670 2577 Π,
715 2498 776 2576 3,
816 2498 942 2560 213

512 2607 665 2669 Cum
710 2608 975 2689 prudens
1021 2607 1215 2669 scelus
1262 2607 1339 2669 ob
1383 2607 1592 2669 titulos
1637 2607 1904 2670 admittis
1947 2609 2177 2682 inanes,

514 2717 655 2778 Stas
707 2717 909 2779 animo
955 2725 1016 2778 et
1056 2737 1274 2798 purum
1319 2724 1411 2777 est
1452 2716 1601 2779 vitio
1644 2715 1753 2777 libi
1786 2765 1800 2779 .
1833 2765 1848 2779 .
1881 2765 1896 2779 .
1939 2719 2082 2779 cor?

429 2854 544 2907 sat.
587 2846 675 2922 ΙΙ,
721 2844 781 2922 3,
827 2844 955 2907 220

516 2954 727 3031 Quid?
773 2954 824 3015 si
866 2954 1000 3034 quis
1043 2963 1293 3034 gnatam
1332 2977 1440 3036 pro
1480 2964 1652 3017 muta
1694 2954 1950 3017 devovet
1990 2975 2167 3035 agna,

516 3063 757 3143 Integer
793 3071 886 3125 est
928 3063 1159 3124 animi?

435 3201 545 3255 sat.
592 3194 680 3269 ΙΙ,
727 3192 786 3270 3,
831 3191 957 3253 273

526 3300 739 3379 Quid?
783 3323 921 3362 cum
966 3300 1204 3363 Picenis
1247 3321 1569 3381 excerpens
1618 3298 1847 3361 semina
1887 3297 2081 3377 pomis

526 3409 793 3486 Gaudes,
843 3410 892 3470 si
933 3430 1230 3471 cameram
1274 3408 1534 3489 percusti
1573 3408 1745 3483 forte,
1789 3426 1971 3487 penes
2015 3414 2075 3467 te
2112 3409 2218 3468 es?

437 3538 611 3619 epist.
658 3539 746 3615 ΙΙ,
789 3537 849 3614 2,
899 3538 986 3608 19,

1666 3643 1856 3706 Dicta
1896 3642 2010 3704 tibi
2043 3651 2136 3705 est
2172 3642 2304 3705 lex:

525 3754 868 3835 Insequeris
913 3762 1115 3815 tamen
1161 3753 1324 3814 hunc
1370 3761 1431 3815 et
1471 3752 1580 3814 lite
1621 3751 1873 3813 moraris
1911 3751 2164 3832 iniqua?

441 3884 612 3964 epist.
658 3884 747 3958 II,
793 3882 854 3959 2,
900 3883 982 3944 79

527 3994 621 4054 Tu
665 4014 760 4055 me
800 3992 955 4053 inter
997 3991 1278 4071 strepitus
1321 3998 1646 4052 nocturnos
1691 3997 1870 4069 atque
1915 3988 2160 4049 diurnos

528 4103 644 4164 Vis
696 4102 949 4163 canere?

444 4230 615 4311 epist.
655 4230 743 4305 II,
792 4228 852 4307 2,
897 4228 1022 4290 154

851 4339 937 4400 Et
979 4357 1115 4399 cum
1160 4335 1242 4397 sis
1285 4334 1478 4397 nihilo
1521 4333 1868 4415 sapientior,
1915 4352 1992 4393 ex
2041 4350 2160 4411 quo

533 4445 779 4512 Plenior
816 4466 901 4523 es,
943 4454 1145 4508 tamen
1189 4444 1375 4507 uteris
1417 4441 1814 4505 monitoribus
1854 4439 2086 4501 isdem?
