3125 4900
1316 305 1741 367 ..27-

373 484 491 538 sat.
534 476 621 551 H,
661 475 720 551 3,
771 476 895 538 134

460 582 569 644 An
606 592 675 644 tu
714 584 860 645 reris
904 605 1041 646 eum
1085 585 1285 647 occisa
1317 585 1616 647 insanisse
1656 588 1948 666 parente?

372 721 488 775 sat.
536 713 622 787 H,
669 711 728 787 3,
771 711 900 773 278

1195 820 1301 882 An
1345 830 1679 883 commotae
1720 821 1967 883 crimine
2009 821 2227 882 mentis

466 925 771 989 Absolves
820 926 1121 989 hominem
1163 936 1225 990 et
1267 928 1503 990 sceleris
1549 929 1869 991 damnabis
1912 928 2206 990 eundem?

371 1063 490 1115 sat.
536 1055 621 1129 Π,
664 1053 721 1128 3,
761 1053 887 1114 312

463 1161 570 1222 An
610 1161 1011 1242 quodcunque
1055 1164 1208 1225 facit
1250 1164 1593 1239 Maecenas,
1642 1173 1700 1226 te
1747 1185 1986 1245 quoque
2027 1185 2234 1227 verum
2279 1172 2372 1226 est

457 1271 725 1331 Tantum
769 1270 1120 1332 dissimilem
1157 1318 1171 1334 .
1219 1319 1233 1333 .
1280 1319 1294 1334 .
1334 1320 1348 1334 .
1390 1276 1664 1334 certare?
1779 1312 1812 1383 Ι

374 1399 549 1479 epist.
595 1399 645 1473 I,
687 1386 999 1473 11‚'5-6

463 1507 568 1567 An
615 1507 783 1569 venit
824 1507 887 1567 in
931 1516 1139 1570 votum
1189 1508 1471 1570 Attalicis
1515 1530 1591 1570 ex
1632 1509 1884 1570 urbibus
1923 1510 2084 1570 una?

458 1615 562 1675 An
607 1614 917 1676 Lebedum
965 1615 1180 1677 laudas
1228 1616 1363 1677 odio
1407 1616 1636 1678 maris?

369 1745 543 1825 epist.
590 1745 676 1819 11,
719 1744 777 1819 3,
819 1743 944 1806 265
1026 1722 1030 1727 ’

458 1852 771 1914 Idcircone
812 1874 997 1933 vager
1041 1852 1417 1934 scribamque
1456 1852 1748 1914 licenter?
1802 1873 1880 1913 an
1929 1872 2133 1912 omnes

460 1961 722 2023 Visuros
766 1970 1016 2041 peccata
1053 1971 1258 2041 putem
1296 1982 1448 2035 mea,
1491 1970 1659 2022 tutus
1703 1970 1762 2022 et
1804 1961 1965 2021 intra

462 2069 644 2149 Spem
688 2070 901 2131 veniae
946 2072 1202 2131 cautus?
1246 2069 1461 2132 Vitavi
1505 2068 1765 2149 denique
1809 2068 2068 2150 culpam,

450 2177 592 2238 Non
634 2175 875 2238 laudem
919 2178 1128 2238 merui.

576 2305 766 2366 Nullo
818 2306 948 2367 iure
991 2307 1054 2365 in
1099 2306 1193 2366 his
1237 2305 1434 2368 verbis
1495 2305 1746 2366 offendit
1789 2303 2115 2378 BentleiuS,
2160 2302 2265 2384 qui
2305 2304 2665 2382 optimorum

364 2414 659 2475 librorum
722 2414 1079 2494 scripturam
1133 2415 1284 2489 ,‚an“
1343 2413 1616 2494 rejiciens
1674 2411 1775 2490 (cf.
1826 2411 2074 2486 Keller,
2132 2411 2272 2494 epil.
2331 2410 2452 2485 ΠΙ,
2514 2404 2666 2491 758)

363 2525 505 2597 ‚‚ut“
563 2522 626 2581 in
674 2530 843 2583 textu
901 2523 1122 2602 posuit.
1220 2522 1382 2583 Nam
1429 2522 1693 2584 Orellius
1709 2570 1723 2595 ,
1779 2523 1949 2602 cujus
1993 2520 2543 2601 interpretationem
2602 2506 2665 2577 in

365 2632 711 2693 universum
760 2651 990 2710 sequor,
1034 2652 1257 2692 nexum
1303 2630 1653 2704 verborum,
1700 2629 1936 2691 etiamsi
1979 2630 2133 2704 ,‚an“
2175 2626 2534 2710 particulam
2579 2647 2666 2688 re-

363 2740 642 2812 tinemus,
691 2738 1070 2818 aptissimum
1114 2759 1243 2800 esse
1284 2739 1735 2802 demonstravit.
1836 2737 2246 2799 Nihilominus
2290 2737 2471 2797 liceat
2512 2735 2665 2796 mihi

361 2847 572 2928 paucis
621 2847 960 2907 accuratius
1004 2867 1322 2927 exponere,
1367 2868 1486 2927 quo
1538 2846 1715 2908 modo
1760 2846 1947 2909 verba
1985 2846 2140 2908 inter
2191 2866 2254 2907 se
2309 2844 2666 2906 cohaereant

360 2965 419 3018 et
476 2955 841 3035 explicanda
901 2955 1038 3017 sint.
1142 2956 1349 3036 Atque
1409 2955 1709 3016 Horatius
1778 2963 2099 3035 postquam
2157 2953 2526 3034 vituperavit
2562 2975 2662 3016 vv.

363 3061 667 3124 263—64
711 3064 1043 3125 carminum
1069 3064 1481 3125 aestimatores
1513 3064 1820 3125 Romanos
1863 3084 2081 3144 eosque
2123 3063 2186 3123 in
2230 3064 2379 3124 duos
2426 3063 2661 3124 ordines

363 3172 586 3247 divisit,
631 3193 886 3253 quorum
928 3172 1081 3234 alter
1124 3193 1302 3254 saepe
1344 3181 1543 3234 errata
1583 3180 1896 3252 poetarum
1954 3172 2196 3233 omnino
2251 3192 2372 3232 non
2414 3171 2660 3247 videret,

363 3280 518 3342 alter
560 3280 702 3356 illis,
746 3282 982 3342 etiamsi
1025 3282 1413 3362 perspiceret,
1461 3290 1662 3342 tamen
1694 3280 2039 3360 ignosceret,
2082 3281 2279 3361 pergit
2305 3280 2418 3341 hoc
2452 3281 2658 3343 modo:

360 3397 752 3472 proptereane
818 3389 977 3469 quod
1038 3389 1212 3450 alteri
1263 3389 1497 3470 judices
1567 3389 1788 3450 menda
1837 3396 2217 3468 praetereunt
2271 3387 2660 3469 neglegentia,

357 3498 553 3559 malos
595 3518 802 3560 versus
847 3497 1106 3559 scribam
1152 3519 1222 3559 ac
1268 3518 1496 3578 sperem
1541 3497 1671 3559 fore
1719 3506 1788 3558 ut
1840 3496 2002 3560 levia
2053 3505 2302 3577 peccata
2358 3517 2480 3558 non
2531 3518 2658 3579 per-

362 3606 712 3687 spiciantur,
757 3626 834 3666 an
879 3606 1125 3667 licentia
1167 3607 1429 3687 quadam
1475 3614 1614 3667 utar
1666 3605 1731 3665 in
1789 3604 2117 3667 scribendis
2180 3604 2544 3667 carminibus
2601 3615 2662 3669 et

361 3735 608 3795 sperem,
646 3715 776 3775 fore
817 3722 887 3774 ut
930 3714 1179 3789 menda,
1225 3714 1461 3775 etiamsi
1504 3714 1968 3795 perspiciantur,
2015 3722 2218 3775 tamen
2262 3734 2384 3775 non
2427 3713 2658 3794 vitupe-

356 3832 577 3897 rentur,
622 3823 844 3902 quippe
887 3843 1023 3883 oum
1079 3822 1231 3884 alter
1275 3823 1724 3885 aestimatorum
1769 3823 1912 3884 ordo
1957 3821 2168 3883 erratis
2212 3829 2522 3903 poetarum
2568 3822 2655 3883 in-

357 3932 603 4011 dignam
647 3931 750 3992 det
792 3931 1050 4006 veniam,
1093 3931 1420 3993 dummodo
1465 3953 1542 3992 ne
1577 3931 1767 3994 nimia
1810 3931 1972 3992 sint?
2060 3930 2243 4008 Quod
2286 3930 2337 3991 si
2379 3930 2653 4004 facerem,

357 4061 492 4101 cum
563 4060 686 4100 non
743 4039 1147 4119 vituperarer,
1214 4038 1456 4101 laudem
1513 4040 1662 4100 mihi
1717 4060 1838 4101 non
1893 4039 2317 4119 acquirerem.“
2425 4038 2492 4100 Si
2542 4039 2656 4101 hoc

357 4148 533 4209 modo
578 4147 765 4210 verba
809 4148 1288 4229 interpretamur,
1347 4169 1422 4209 ex
1462 4148 1585 4210 illis
1644 4148 1800 4210 effici
1858 4147 2232 4228 aptissimam
2295 4147 2652 4209 sententiam

357 4256 799 4318 concedendum
844 4266 935 4318 est
993 4265 1052 4318 et
1097 4247 1473 4337 abjiciendae
1517 4266 1660 4318 sunt
1697 4256 2125 4319 nonnullorum
2182 4266 2252 4318 ut
2294 4257 2511 4319 Ritteri
2554 4279 2652 4319 ex-

356 4363 709 4450 plicationes
773 4363 952 4426 huius
1016 4364 1160 4440 loci,
1238 4384 1392 4445 quae
1464 4364 1713 4428 nimiam
1773 4364 2206 4448 interpretandi
2263 4364 2658 4431 subtilitatem
