3125 4900
44 1388 68 1425 ΡΞ*
50 1330 55 1335 “
64 1292 69 1305 ⁴

66 1389 91 1423 qr*
70 1280 87 1315 ’ΞΩ

43 2271 51 2277 .
44 2149 53 2183 sd
44 2040 61 2075 m
44 1931 67 1968 ἓξ.
44 1605 83 1857 {29⁴5
44 1497 87 1534 {g

1273 372 1698 488 -'23-.

339 594 838 675 vielgepriesenen
883 595 1605 676 haupttouristenstaedte
1646 598 2051 661 kleinasiens?
2092 598 2377 662 Gefallen
2421 598 2506 659 sie
2548 597 2642 657 dir

342 702 458 764 alle
488 703 658 771 nicht
681 703 763 763 im
800 702 1095 783 vergleich
1118 725 1193 765 zu
1215 705 1369 766 Rom
1385 706 1449 766 ?“
1487 705 1653 768 Statt
1674 706 1780 768 des
1803 706 2045 787 begriffs
2093 705 2641 786 „haupttouristen-

340 810 568 873 staedte
622 810 1030 872 kleinasiens“
1087 812 1296 874 stehen
1352 834 1478 875 nun
1538 814 1622 874 im
1666 822 1829 877 texte
1872 815 2039 875 sechs
2076 813 2360 895 beispiele
2406 862 2420 875 .
2467 862 2481 875 .
2530 860 2544 875 .
2577 861 2592 876 .
2626 860 2640 875 .

339 920 463 980 und
532 919 772 992 danach
824 919 1105 981 kommen
1163 921 1261 982 die
1318 922 1437 985 viel
1480 922 1901 984 umstrittenen
1960 932 2141 985 worte
2180 923 2414 1003 majora
2455 922 2643 983 mino-

340 1047 486 1089 rave
540 1027 740 1089 fama:
787 1028 1059 1089 offenbar
1100 1028 1393 1092 bedeuten
1430 1030 1516 1091 sie
1557 1030 1756 1092 nichts
1802 1031 2048 1093 anderes
2095 1031 2187 1092 als
2224 1032 2321 1092 ein
2364 1039 2640 1106 etcetera,

340 1135 502 1208 „und
557 1135 655 1195 die
713 1134 941 1196 andern
987 1135 1216 1197 staedte
1250 1137 1421 1216 jener
1452 1138 1698 1218 gegend,
1746 1139 1969 1202 welche
2010 1139 2124 1200 den
2176 1147 2519 1219 genannten
2566 1159 2643 1198 an

341 1244 554 1304 ruhme
595 1242 789 1322 gleich
831 1243 973 1304 oder
1010 1243 1135 1306 fast
1165 1244 1379 1324 gleich,
1423 1245 1604 1307 theils
1641 1267 1830 1309 voran
1877 1281 1957 1292 —-
1975 1295 1990 1322 ,
2033 1247 2213 1309 theils
2249 1246 2644 1319 nachstehen;

342 1373 389 1414 z.
415 1344 495 1417 B..
524 1351 802 1432 Ephesus
850 1399 864 1414 .
910 1399 925 1413 .
972 1400 985 1414 .
1031 1400 1046 1414 .
1079 1353 1132 1413 .“
1215 1352 1475 1414 Denken
1512 1353 1619 1415 wir
1650 1375 1764 1416 uns
1801 1355 1954 1416 oben
1979 1363 2131 1417 statt
2158 1356 2264 1416 der
2295 1354 2643 1416 stoerenden

343 1468 526 1522 worte
567 1460 740 1533 „sind
783 1460 869 1521 sie
910 1479 1180 1540 groesser
1224 1460 1366 1521 oder
1407 1461 1680 1541 geringer
1724 1462 1815 1523 als
1844 1463 1940 1523 ihr
1977 1463 2084 1523 ruf
2097 1465 2159 1524 ?“
2203 1462 2492 1526 vielmehr
2527 1462 2644 1523 den

341 1568 611 1648 poetisch
647 1567 1259 1648 ausgeschmueckten
1322 1568 1639 1647 gedanken
1693 1571 1857 1647 „und
1914 1591 1980 1631 80
2022 1570 2262 1632 weiter“
2326 1568 2647 1650 eigentlich

341 1676 505 1750 „und
569 1676 678 1737 wie
718 1676 816 1737 die
861 1675 1105 1750 andern,
1166 1695 1435 1755 groesser
1495 1677 1640 1738 oder
1694 1676 1927 1738 kleiner
1969 1698 2048 1738 an
2088 1677 2263 1739 ruf?“
2320 1697 2385 1738 so
2449 1677 2647 1738 haben

344 1785 452 1846 wir
507 1784 605 1845 die
667 1784 889 1845 einheit
962 1784 1067 1845 des
1121 1784 1629 1864 gedankengangs
1688 1784 1959 1847 erhalten
2021 1785 2147 1846 und
2205 1785 2474 1864 zugleich
2532 1784 2648 1847 den

345 1890 721 1953 buohstaben
768 1891 876 1953 der
917 1891 1450 1971 ueberlieferung.“
1537 1892 1659 1954 Sed
1704 1893 1899 1955 virum
1945 1892 2355 1954 doctissimum
2401 1892 2463 1953 id
2506 1893 2651 1953 effu-

344 2000 505 2079 gisse
580 1998 818 2061 videtur
837 2046 851 2072 ,
914 1998 1075 2078 quod
1145 2019 1336 2079 neque
1408 1999 1573 2060 notio
1647 1999 1848 2074 ,‚und“
1901 2019 2094 2080 neque
2159 1999 2292 2075 „die
2355 1999 2652 2061 anderen“

345 2106 548 2170 verbis
591 2105 831 2167 traditis
880 2106 1052 2167 inest.
1140 2107 1357 2186 Itaque
1400 2107 1674 2186 equidem
1714 2107 2196 2186 interrogationis
2235 2107 2472 2186 signum
2516 2116 2655 2187 post

344 2216 592 2289 „fama“
667 2214 985 2276 delendum
1047 2215 1387 2295 optimeque
1429 2216 1515 2276 sic
1560 2215 1942 2277 scribendum
2001 2235 2130 2277 8888
2163 2215 2401 2295 judico:

436 2323 700 2403 Smyrna
739 2323 885 2403 quid
928 2331 989 2384 et
1029 2323 1383 2403 Colophon?
1426 2324 1669 2403 Majora
1712 2324 2021 2386 minorave
2063 2323 2234 2384 fama

437 2432 752 2495 Cunctane
793 2453 937 2513 prae
974 2452 1187 2513 campo
1226 2440 1286 2494 et
1326 2431 1610 2494 Tiberino
1653 2431 1900 2494 flumine
1945 2431 2221 2493 sordent?

559 2564 763 2640 Quam
809 2563 1210 2643 conjecturam
1270 2564 1322 2624 si
1365 2562 1826 2643 comprobamus
1884 2582 2005 2623 non
2063 2561 2242 2622 modo
2292 2562 2358 2620 in
2403 2560 2657 2624 lectione

351 2670 524 2733 codd.
570 2671 797 2732 tradita
841 2670 1340 2750 acquiescendum
1384 2670 1591 2732 licebit
1645 2670 1749 2731 sed
1806 2670 1989 2731 etiam
2046 2669 2361 2749 aptissima
2402 2689 2478 2729 ex
2531 2668 2654 2729 illis

350 2777 555 2840 verbis
603 2777 898 2839 sententia
939 2777 1209 2839 efficitur.

559 2905 760 2969 Aliter
802 2928 943 2970 vero
985 2928 1077 2968 res
1123 2928 1185 2968 se
1226 2906 1411 2968 habet
1457 2914 1569 2966 sat.
1613 2904 1663 2979 Ι,
1696 2903 1753 2978 2,
1800 2902 1899 2978 63,
1940 2901 2047 2963 ubi
2085 2901 2316 2963 codices
2361 2902 2424 2962 in
2470 2902 2661 2964 altera

355 3022 529 3094 parte
585 3014 868 3094 obliquae
915 3014 1311 3077 disiunctivae
1364 3012 1850 3093 interrogationis
1912 3012 2060 3085 ,‚ve“
2114 3010 2416 3072 exhibent.
2504 3009 2658 3071 Cum

358 3130 578 3196 autem,
627 3131 698 3184 ut
743 3143 925 3202 supra
965 3122 1122 3197 dixi,
1167 3123 1266 3183 hic
1305 3143 1451 3183 usus
1494 3123 1557 3181 iu
1618 3120 1829 3199 lingua
1870 3118 2067 3178 latina
2121 3139 2240 3179 non
2298 3118 2658 3194 inveniatur,

349 3229 478 3310 jam
527 3230 838 3291 Bentleius
855 3278 870 3304 ,
926 3250 1101 3310 quem
1148 3250 1351 3290 omnes
1407 3229 1532 3290 fere
1582 3227 1838 3289 editores
1899 3226 2088 3287 secuti
2134 3235 2299 3300 sunt,
2352 3246 2461 3305 pro
2516 3226 2662 3299 ‚‚ve“

357 3338 701 3400 emendavit
743 3340 911 3412 ‚,ne“.
1008 3338 1094 3399 Et
1131 3346 1291 3399 recte
1336 3336 1605 3417 quidem;
1650 3356 1793 3396 nam
1831 3334 1881 3394 si
1928 3354 2048 3394 non
2094 3334 2156 3394 in
2200 3333 2663 3413 interrogatione

360 3447 727 3509 disiunctiva
756 3446 1000 3520 directa,
1045 3454 1314 3507 attamen
1358 3445 1418 3504 in
1467 3444 1715 3523 obliqua
1757 3452 1817 3503 et
1861 3442 2022 3522 apud
2045 3441 2373 3502 Horatium
2413 3449 2473 3502 et
2503 3440 2664 3520 apud

363 3556 514 3617 alios
558 3554 821 3616 eiusdem
867 3574 938 3615 ac
981 3554 1195 3634 prioris
1234 3553 1448 3614 aetatis
1495 3552 1810 3631 scriptores
1855 3550 2050 3610 multa
2089 3557 2330 3609 exstant
2367 3548 2661 3628 exempla,

367 3664 430 3724 in
468 3663 690 3744 quibus
742 3662 1038 3742 posterius
1082 3661 1413 3723 membrum
1459 3658 1877 3721 disiunctionis
1919 3657 2104 3737 priori
2147 3678 2253 3737 per
2291 3658 2440 3730 ‚,ne“
2483 3676 2663 3736 oppo-

364 3773 528 3834 nitur
546 3770 590 3851 1)
633 3770 710 3832 cf.
752 3769 1149 3850 Madvigium,
1210 3767 1317 3831 lat.
1363 3768 1623 3848 sprachl.
1666 3762 1703 3849 ξ
1750 3764 1901 3838 643;
1946 3764 2296 3839 Handium,
2356 3763 2397 3825 1.
2453 3784 2502 3824 c.
2546 3763 2665 3838 IV,

365 3901 422 3960 p.
464 3878 545 3941 87
559 3901 573 3953 ;
618 3879 905 3958 Draeger.
965 3877 1007 3939 1.
1051 3898 1101 3939 0.
1141 3876 1225 3950 ΙΙ,
1271 3897 1329 3955 p.
1378 3874 1531 3947 466;
1582 3873 2003 3946 Kuehnerum,
2066 3872 2107 3934 1.
2149 3893 2197 3933 0.
2241 3871 2326 3943 ΙΙ,
2367 3893 2430 3951 p.
2477 3869 2663 3933 1015.

574 4103 617 4173 ¹)
652 4102 968 4159 Reiciendae
1005 4105 1133 4157 sunt
1167 4102 1340 4171 igitur
1375 4100 1651 4169 opiniones
1689 4115 1866 4153 eorum
1921 4098 2176 4163 virorum,
2224 4098 2316 4166 qui
2361 4098 2418 4150 in
2464 4096 2668 4153 tradita

383 4195 611 4251 lectione
644 4193 1080 4264 acquiescendum
1116 4194 1452 4262 putaverunt.
1525 4192 1647 4245 Jam
1690 4206 1813 4244 vero
1849 4191 1895 4243 si
1937 4187 2372 4257 Dillenburgerus
2420 4187 2488 4243 ad
2538 4191 2670 4255 „ve“

377 4285 755 4340 defendendum
792 4285 946 4338 illum
986 4285 1160 4339 locum
1184 4284 1339 4352 epist.
1371 4284 1416 4349 I,
1455 4285 1532 4347 ll,
1558 4283 1607 4349 3,
1644 4282 1706 4337 de
1732 4297 1836 4351 quo
1858 4279 2015 4333 modo
2041 4277 2324 4346 disputavi,
2361 4279 2415 4332 in
2439 4279 2668 4333 medium

371 4380 614 4447 protulit,
652 4381 828 4434 nescio
864 4394 932 4432 an
965 4377 1388 4432 luculentissime
1424 4375 1759 4439 ostenderim
1789 4374 1943 4427 illum
1974 4371 2148 4423 locum
2166 4371 2380 4425 minime
2414 4370 2669 4440 quadrare

374 4470 439 4525 ad
464 4471 618 4528 1111110.
652 4470 844 4539 quippe
881 4470 935 4522 in
976 4484 1080 4536 quo
1116 4467 1465 4536 interrogatio
1505 4465 1829 4519 disiunctiva
1864 4463 2077 4516 omnino
2111 4478 2215 4515 non
2252 4463 2601 4517 contineatur.

2199 4547 2262 4602 2*
