3125 4900
1261 377 1681 440 ...37-

327 558 557 612 tustam
604 551 863 612 formam
918 549 1231 612 retinuisse
1276 571 1409 612 cum
1466 549 1782 611 decurtata
1824 548 2168 629 saepissime
2203 558 2433 627 utatur,
2491 563 2621 617 tum

328 658 488 739 quod
531 679 609 720 ne
656 659 839 739 „quin
848 660 878 690 “
944 658 1181 738 quidem
1241 658 1403 739 apud
1448 658 1778 720 Horatium
1834 657 1900 716 in
1958 657 2227 720 oratione
2270 672 2433 722 recta
2488 683 2620 725 cum

337 766 723 846 conjunctivo
781 767 1165 846 conjunctum
1218 775 1441 839 exstat,
1500 765 1781 845 denique,
1840 765 2000 845 quod
2061 765 2165 828 ille
2210 770 2625 849 conjunctivus

341 874 602 953 „putetis
611 874 640 906 “
703 873 1132 936 sententiarum
1189 893 1349 934 nexu
1408 872 1704 953 postulari
1759 871 1907 932 mihi
1951 872 2187 935 videtur
2240 883 2301 936 et
2345 876 2396 935 si
2443 878 2622 956 „qui“

336 1002 663 1061 pronomen
727 980 1047 1043 relativum
1111 980 1226 1043 hoc
1289 980 1423 1042 loco
1489 1000 1618 1042 esse
1670 978 2022 1059 probamus,
2100 979 2281 1043 facile
2339 984 2631 1062 explicari

335 1098 535 1170 potest
555 1088 621 1167 1).
707 1089 753 1153 J
756 1109 854 1149 am
907 1109 1048 1151 vero
1104 1089 1430 1169 inquirenti
1489 1088 1639 1148 mihi
1688 1087 2028 1149 accuratius
2075 1088 2138 1147 in
2195 1089 2354 1152 hanc
2409 1112 2533 1153 rem
2577 1094 2632 1154 ei

337 1197 455 1258 loci
496 1197 559 1257 in
602 1205 860 1258 mentem
904 1205 1214 1270 venerunt,
1259 1194 1479 1276 quibus
1513 1196 1695 1257 etiam
1722 1215 1858 1256 cum
1893 1195 2235 1258 accusativo
2265 1200 2632 1276 pronominis

339 1302 581 1366 relativi
632 1304 781 1379 „ne“
831 1304 1214 1383 conjunctum
1258 1311 1364 1363 est.
1454 1302 1606 1363 Loci
1661 1310 1803 1363 sunt
1851 1302 1916 1362 hi
1974 1302 2175 1366 Plaut.
2219 1304 2344 1366 mil.
2389 1305 2537 1386 glor.
2569 1307 2634 1381 ⁴I,

350 1409 413 1484 1,
462 1409 572 1484 133
639 1410 866 1490 Vergil.
925 1431 1054 1474 aen.
1103 1408 1209 1484 10,
1254 1408 1411 1483 673;
1474 1409 1700 1472 Catull.
1740 1408 1848 1483 64,
1897 1409 2021 1471 180
2044 1431 2172 1491 sqq.
2241 1411 2384 1487 „An
2448 1415 2638 1493 patris

342 1517 640 1578 auxilium
685 1538 930 1599 sperem,
969 1538 1222 1597 quemne
1256 1518 1392 1597 ipsa
1429 1516 1688 1597 reliqui?
1773 1516 2060 1597 Conjugis
2096 1540 2173 1578 an
2212 1519 2330 1580 fido
2370 1521 2641 1584 consoler

346 1634 566 1686 memet
627 1646 849 1699 amore,
934 1624 1137 1702 Quine
1201 1625 1359 1705 fugit
1419 1623 1612 1685 lentos
1677 1625 2000 1686 incurvans
2064 1626 2298 1706 gurgite
2363 1649 2554 1690 remos
2573 1631 2636 1690 ?“

345 1733 588 1794 Etenim
635 1733 685 1793 si
728 1732 1086 1812 particulam
1138 1733 1286 1808 ‚,ne“
1348 1732 1678 1793 omittimus
1732 1740 1791 1792 et
1831 1732 1945 1793 hoc
1979 1741 2039 1793 et
2075 1732 2182 1794 illo
2226 1733 2384 1809 1000,
2438 1757 2471 1797 e
2513 1757 2643 1798 sen-

345 1839 669 1901 tentiarum
715 1859 876 1901 nexu
920 1849 1196 1920 apparet,
1258 1839 1412 1901 illud
1454 1859 1783 1919 pronomen
1837 1859 1957 1900 non
2005 1839 2497 1921 interrogativum
2540 1844 2644 1905 sed

349 1946 669 2010 relativum
710 1967 854 2009 esse.
944 1948 1087 2009 Hoc
1131 1948 1317 2028 igitur
1363 1947 1494 2009 loco
1542 1947 1721 2027 ‚,qui“
1759 1967 1867 2027 pro
1896 1948 2270 2011 nominativo
2301 1950 2643 2013 habendum

351 2063 464 2129 est,
523 2063 593 2115 ut
629 2054 930 2135 particula
979 2056 1129 2128 „ne“
1179 2054 1631 2134 interrogationi
1681 2054 2028 2116 efficiendae
2079 2056 2392 2129 inserviat;
2460 2060 2522 2119 in
2563 2061 2647 2122 eis

356 2172 557 2224 autem
601 2161 891 2242 exemplis
907 2208 922 2238 ,
981 2162 1086 2224 ubi
1136 2163 1285 2238 „ne“
1352 2183 1487 2224 cum
1542 2162 1895 2242 pronomine
1937 2161 2034 2224 vel
2079 2164 2363 2227 adverbio
2406 2165 2650 2229 interro-

354 2270 558 2351 gativo
603 2270 1011 2350 conjungitur,
1074 2270 1375 2351 particula
1420 2269 1796 2330 abundantia
1842 2270 2105 2350 quadam
2153 2272 2360 2334 addita
2396 2275 2518 2336 vim
2564 2277 2651 2335 in-

355 2376 780 2457 terrogativam
814 2377 1181 2458 pronominis
1224 2376 1323 2441 vel
1369 2376 1640 2439 adverbii
1684 2386 1882 2458 auget.

360 2534 472 2589 sat.
511 2525 595 2599 H,
644 2526 700 2600 7,
745 2524 831 2586 34

767 2634 1004 2697 Nemon
1047 2634 1245 2698 oleum
1284 2635 1401 2697 fert
1443 2634 1655 2697 ocius?
1698 2634 1899 2714 ecquis

449 2741 687 2804 Audit?

365 2901 477 2955 sat.
518 2893 604 2967 H,
648 2893 703 2966 7,
750 2891 831 2953 75

449 3001 622 3062 Tune
664 3000 815 3060 mihi
855 3000 1149 3074 dominus,
1195 3020 1390 3063 rerum
1431 3000 1698 3081 imperiis
1748 3000 2175 3079 hominumque

453 3109 571 3170 Tot
608 3108 914 3187 tantisque
957 3108 1197 3169 minor?

371 3259 542 3340 epist.
578 3258 662 3334 H,
705 3257 765 3333 2,
814 3256 936 3320 148

774 3365 957 3443 Quod
1001 3372 1229 3445 quanto
1271 3363 1452 3444 plura
1487 3363 1718 3444 parasti

462 3472 662 3536 Tanto
702 3473 882 3555 plura
924 3473 1110 3553 cupis,
1155 3473 1388 3535 nulline
1430 3472 1675 3535 faterier
1718 3471 1943 3533 audes?

583 3723 627 3792 ¹)
661 3722 930 3778 Handinm
968 3723 1235 3789 erravisse,
1285 3723 1378 3792 qui
1416 3723 1568 3777 Turs.
1602 3720 1696 3787 IV,
1730 3736 1782 3789 p.
1820 3720 1884 3775 77
1929 3721 1983 3774 et
2024 3721 2091 3774 78
2128 3718 2417 3785 contendit,
2447 3720 2501 3772 in
2537 3718 2676 3786 ejus-

384 3813 526 3867 modi
561 3814 842 3868 sententiis
883 3828 988 3866 non
1022 3814 1148 3881 poni
1187 3813 1584 3882 conjunctivum
1623 3814 1677 3866 et
1715 3811 1780 3864 ob
1815 3826 1928 3865 eam
1965 3825 2073 3864 rem
2111 3810 2211 3865 hoc
2245 3810 2361 3864 loco
2400 3809 2676 3878 „putatis“

381 3903 659 3974 legendum
695 3919 836 3969 esse,
885 3904 1219 3971 inepromptu
1273 3907 1356 3958 est
1401 3920 1569 3973 neque
1615 3919 1775 3959 causa
1823 3903 1930 3966 est,
1986 3916 2079 3954 cur
2133 3917 2166 3955 a
2207 3900 2410 3955 tradita
2453 3900 2677 3955 lectione

383 3994 702 4049 recedamus.
774 3993 914 4047 Nam
949 3993 1127 4062 plures
1164 3996 1219 4048 et
1263 3994 1505 4048 meliores
1544 3993 1751 4048 codices
1793 3994 2006 4060 praeter
2039 3991 2190 4045 binos
2225 3991 2424 4045 ordinis
2462 3990 2679 4045 secundi

386 4088 440 4140 et
485 4085 634 4138 tertii
669 4083 921 4152 (Parisini
973 4083 1107 4136 7993
1154 4085 1209 4136 et
1255 4083 1418 4147 8213;
1465 4083 1833 4138 Dessaviensis
1881 4082 1929 4135 A
1980 4084 2035 4135 et
2074 4081 2351 4135 Gothanus
2388 4082 2435 4135 B
2470 4082 2559 4147 61)
2597 4096 2681 4134 ex-

386 4174 570 4228 hibent
606 4173 877 4242 „putetis“
922 4172 1010 4239 (cf.
1048 4172 1349 4238 Kellerum,
1401 4172 1469 4238 ΙΙ,
1519 4190 1572 4241 p.
1610 4174 1755 4239 507),
1798 4175 1863 4226 ut
1913 4171 2049 4225 hanc
2096 4171 2377 4226 lectionem
2428 4169 2681 4239 optimam

389 4280 501 4318 esse
539 4264 792 4332 appareat
880 4262 1053 4330 Atque
1088 4262 1246 4316 facile
1267 4263 1600 4332 perspicitur,
1632 4279 1792 4332 quare
1822 4262 2076 4315 Horatius
2099 4262 2493 4330 conjunctivum
2520 4261 2681 4327 scrip-

391 4354 533 4408 serit.
641 4352 780 4406 Nam
836 4352 931 4405 illo
984 4351 1140 4405 modo
1193 4368 1407 4406 causam
1456 4352 1631 4406 afferri
1676 4350 2099 4420 praecedentium
2148 4351 2422 4406 verborum
2478 4368 2543 4416 „o
2581 4352 2683 4403 seri

393 4442 740 4507 studiorum‘ss
781 4443 900 4510 quis
935 4445 1019 4496 est
1065 4443 1156 4511 qui
1193 4442 1436 4498 nesciat?
1474 4442 1568 4511 (cf.
1604 4439 1962 4497 Heindorflum
1996 4457 2043 4495 a.
2078 4441 2128 4495 h.
2165 4443 2241 4511 1.).

2245 4528 2279 4580 3
