3125 4900
1298 417 1379 427 ..-
1470 382 1554 443 57
1641 417 1726 428 -

349 559 464 611 Sat.
509 551 560 628 Ι,
610 549 664 628 1,
713 550 794 613 86

437 661 704 737 MirariS,
751 683 885 722 cum
930 671 997 723 tu
1036 671 1281 743 argento
1320 671 1459 742 post
1506 665 1712 724 omnia
1748 685 1960 743 ponaS,

435 770 503 830 Si
545 790 722 830 nemo
767 779 1046 849 praestet,
1089 792 1265 851 quem
1303 792 1424 832 uon
1467 772 1771 848 mereariS,
1818 774 2123 833 amorem?

345 884 461 937 sat.
507 876 561 952 Ι,
605 875 667 952 4,
716 874 796 937 93

756 984 890 1064 Ego
935 984 984 1045 si
1033 984 1139 1045 risi
1171 1032 1616 1047 ..........

430 1092 687 1154 Lividus
727 1101 788 1154 et
830 1093 1085 1154 mordax
1126 1093 1333 1155 videor
1375 1093 1531 1155 tibi?

342 1201 517 1280 epist.
565 1201 617 1276 I,
664 1199 762 1278 12,
811 1199 890 1260 12

430 1308 749 1384 Miramur,
795 1308 846 1368 si
889 1308 1220 1369 Democriti
1264 1329 1447 1387 pecus
1489 1309 1615 1370 edit
1656 1310 1883 1389 agellos

430 1415 749 1496 Cultaque,
793 1416 938 1477 dum
981 1437 1224 1498 peregre
1267 1426 1358 1479 est
1401 1418 1640 1479 animus
1683 1418 1812 1480 sine
1854 1438 2099 1498 corpore
2143 1417 2364 1481 velox?

428 1524 584 1586 Cum
626 1532 696 1586 tu
734 1525 891 1586 inter
931 1525 1197 1587 scabiem
1238 1534 1475 1588 tantam
1506 1574 1522 1590 .
1554 1575 1570 1589 .
1603 1575 1618 1589 .
1652 1575 1667 1589 .

432 1633 542 1694 Nil
583 1654 841 1713 parvum
885 1633 1133 1714 sapias?

1466 1804 1523 1864 γ.

703 1907 1013 1973 Irrisio
1059 1909 1560 1992 exprimitur
1603 1910 2306 1994 interrogatione.

335 2028 451 2081 sat.
499 2019 587 2096 II,
630 2017 691 2096 2,
737 2017 822 2079 48

746 2126 961 2204 Quid?
1004 2135 1136 2189 tum
1179 2127 1463 2190 rhombos
1505 2129 1706 2191 minus
1753 2150 2017 2211 aequora
2066 2129 2359 2191 alebant?

333 2241 449 2294 sat.
493 2233 581 2309 II,
627 2231 688 2310 3,
730 2232 813 2294 65

420 2341 662 2403 Insanit
703 2349 934 2404 veteres
981 2350 1218 2404 statuas
1263 2343 1679 2423 Damasippus
1721 2344 2004 2406 emendo:

420 2450 665 2530 Integer
709 2458 800 2512 est
840 2451 1057 2513 mentis
1103 2451 1471 2533 Damasippi
1516 2451 1817 2513 creditor?

333 2566 446 2620 sat.
491 2558 579 2635 II,
624 2557 688 2636 3,
729 2557 851 2619 123

422 2666 621 2727 Filius
667 2674 775 2727 aut
816 2666 999 2728 etiam
1038 2667 1188 2728 haec
1229 2666 1482 2729 libertus
1525 2677 1597 2729 ut
1636 2667 1843 2730 ebibat
1885 2667 2075 2744 heres,

416 2774 534 2835 Dis
576 2774 817 2836 inimice
860 2796 1063 2854 senex,
1113 2776 1420 2838 custodis?
1505 2777 1604 2838 Ne
1646 2776 1759 2838 tibi
1796 2776 1998 2839 desit?

331 2890 445 2944 sat.
483 2883 572 2960 Π,
616 2882 676 2960 3,
722 2881 844 2944 162

413 2992 559 3054 Non
602 3000 694 3054 est
736 2992 1050 3054 cardiacus
1083 3039 1527 3056 ..........

416 3100 546 3162 Hic
588 3122 794 3182 aeger:
838 3110 997 3164 recte
1038 3109 1130 3164 est
1170 3101 1355 3182 igitur
1399 3103 1768 3182 surgetque?
1857 3099 2145 3182 Negabit.

329 3218 439 3271 sat,
483 3210 571 3287 Π,
617 3209 675 3285 3,
719 3208 847 3271 304

412 3318 623 3396 Quid?
666 3326 852 3399 caput
892 3318 1195 3380 abscisum
1239 3317 1521 3380 manibus
1565 3340 1704 3380 cum
1746 3327 1953 3399 portat
2000 3319 2215 3400 Agave

409 3425 602 3489 Gnati
644 3426 923 3504 infelicis,
968 3426 1084 3488 sibi
1132 3434 1263 3488 tum
1306 3427 1538 3488 furiosa
1581 3426 1870 3489 videtur?

326 3544 437 3598 sat.
481 3536 569 3614 H,
616 3537 674 3613 7,
719 3534 840 3598 102

1553 3619 1694 3682 Tibi
1732 3620 1945 3700 ingens

409 3730 625 3792 Virtus
670 3738 851 3810 atque
895 3730 1132 3792 animus
1169 3730 1332 3792 cenis
1377 3739 1698 3811 responsat
1735 3730 2001 3811 opimis?

1450 3898 1506 3965 δ.

468 4002 974 4086 Saepissime
1017 4005 1498 4089 indignatio
1542 4008 1764 4071 inest
1809 4007 2316 4090 quaestioni,
2363 4005 2500 4078 ubi

798 4114 858 4194 1)
903 4116 1271 4180 indicativus
1328 4127 1531 4181 exstat
1574 4119 1640 4180 in
1684 4119 2166 4201 interrogatione.

322 4223 414 4285 od.
459 4225 512 4301 Ι,
557 4222 661 4302 27,
710 4224 788 4287 13

404 4333 619 4395 Cessat
658 4334 944 4399 voluntas
964 4337 990 4400 ?
1033 4356 1156 4397 non
1202 4335 1327 4400 alia
1366 4336 1575 4402 bibam

404 4442 696 4506 Mercede.
